<?xml version="1.0" encoding="UTF-8"?>
<!DOCTYPE html PUBLIC "-//W3C//DTD XHTML 1.0 Transitional//EN"
    "http://www.w3.org/TR/xhtml1/DTD/xhtml1-transitional.dtd">
<html xmlns="http://www.w3.org/1999/xhtml" xml:lang="en" lang="en">
 <head>
  <title>
</title>
<meta http-equiv="Content-Type" content="text/html;charset=utf-8" />
  <meta name='ocr-system' content='tesseract 3.04.00' />
  <meta name='ocr-capabilities' content='ocr_page ocr_carea ocr_par ocr_line ocrx_word'/>
</head>
<body>
  <div class='ocr_page' id='page_1' title='image "./bibliothecapatr00schegoog/bibliothecapatr00schegoog_0542.png"; bbox 0 0 3204 5480; ppageno 0'>
   <div class='ocr_carea' id='block_1_1' title="bbox 340 481 1545 558">
    <p class='ocr_par' dir='ltr' id='par_1_1' title="bbox 340 481 1545 558">
     <span class='ocr_line' id='line_1_1' title="bbox 340 481 1545 558; baseline 0.001 -21"><span class='ocrx_word' id='word_1_1' title='bbox 340 481 360 545; x_wconf 87' lang='lat'>6</span> <span class='ocrx_word' id='word_1_2' title='bbox 674 495 715 540; x_wconf 84' lang='lat'><strong>111.</strong></span> <span class='ocrx_word' id='word_1_3' title='bbox 728 499 748 540; x_wconf 88' lang='lat' dir='ltr'><strong>a</strong></span> <span class='ocrx_word' id='word_1_4' title='bbox 763 495 894 548; x_wconf 64' lang='lat' dir='ltr'><strong>amenego.</strong></span> <span class='ocrx_word' id='word_1_5' title='bbox 916 495 1016 539; x_wconf 70' lang='lat' dir='ltr'><strong>oomni·</strong></span> <span class='ocrx_word' id='word_1_6' title='bbox 1029 494 1047 537; x_wconf 82' lang='lat' dir='ltr'><strong>s</strong></span> <span class='ocrx_word' id='word_1_7' title='bbox 1060 495 1123 538; x_wconf 70' lang='lat' dir='ltr'><strong>caus</strong></span> <span class='ocrx_word' id='word_1_8' title='bbox 1137 494 1191 538; x_wconf 76' lang='lat' dir='ltr'><strong>oen.</strong></span> <span class='ocrx_word' id='word_1_9' title='bbox 1288 481 1545 558; x_wconf 71' lang='lat' dir='ltr'><strong>(urst-2736)</strong></span> 
     </span>
    </p>
   </div>
   <div class='ocr_carea' id='block_1_2' title="bbox 279 669 1547 4103">
    <p class='ocr_par' dir='ltr' id='par_1_2' title="bbox 279 669 1547 4103">
     <span class='ocr_line' id='line_1_2' title="bbox 339 669 1544 754; baseline -0.002 -18"><span class='ocrx_word' id='word_1_10' title='bbox 339 671 452 736; x_wconf 85' lang='lat' dir='ltr'><strong>stolae:</strong></span> <span class='ocrx_word' id='word_1_11' title='bbox 482 671 525 736; x_wconf 91' lang='lat' dir='ltr'><strong>ad</strong></span> <span class='ocrx_word' id='word_1_12' title='bbox 553 671 781 752; x_wconf 80' lang='lat' dir='ltr'><strong>Volusianum,</strong></span> <span class='ocrx_word' id='word_1_13' title='bbox 818 671 1058 752; x_wconf 81' lang='lat' dir='ltr'><strong>Marcellinum,</strong></span> <span class='ocrx_word' id='word_1_14' title='bbox 1092 670 1258 754; x_wconf 78' lang='lat' dir='ltr'><strong>Italicam,</strong></span> <span class='ocrx_word' id='word_1_15' title='bbox 1293 669 1544 752; x_wconf 79' lang='lat' dir='ltr'><strong>Marcellinum,</strong></span> 
     </span>
     <span class='ocr_line' id='line_1_3' title="bbox 337 773 1547 862; baseline -0.002 -22"><span class='ocrx_word' id='word_1_16' title='bbox 337 775 583 862; x_wconf 81' lang='lat' dir='ltr'><strong>Hieronymum,</strong></span> <span class='ocrx_word' id='word_1_17' title='bbox 615 776 794 859; x_wconf 90' lang='lat' dir='ltr'><strong>Aurelium,</strong></span> <span class='ocrx_word' id='word_1_18' title='bbox 824 776 1073 860; x_wconf 90' lang='lat' dir='ltr'><strong>Longinianum,</strong></span> <span class='ocrx_word' id='word_1_19' title='bbox 1103 776 1316 860; x_wconf 85' lang='lat' dir='ltr'><strong>Bonifaeium,</strong></span> <span class='ocrx_word' id='word_1_20' title='bbox 1349 773 1547 862; x_wconf 86' lang='lat' dir='ltr'><strong>Paulinum,</strong></span> 
     </span>
     <span class='ocr_line' id='line_1_4' title="bbox 338 879 1543 965; baseline -0.002 -21"><span class='ocrx_word' id='word_1_21' title='bbox 338 881 483 963; x_wconf 88' lang='lat' dir='ltr'><strong>Laetam,</strong></span> <span class='ocrx_word' id='word_1_22' title='bbox 509 881 692 946; x_wconf 82' lang='lat' dir='ltr'><strong>Licentium</strong></span> <span class='ocrx_word' id='word_1_23' title='bbox 710 879 823 965; x_wconf 79' lang='lat' dir='ltr'><strong>(awai),</strong></span> <span class='ocrx_word' id='word_1_24' title='bbox 848 881 1029 946; x_wconf 86' lang='lat' dir='ltr'><strong>Maximum</strong></span> <span class='ocrx_word' id='word_1_25' title='bbox 1044 881 1287 947; x_wconf 85' lang='lat' dir='ltr'><strong>Armentarium</strong></span> <span class='ocrx_word' id='word_1_26' title='bbox 1303 890 1336 946; x_wconf 91' lang='lat' dir='ltr'><strong>et</strong></span> <span class='ocrx_word' id='word_1_27' title='bbox 1350 879 1543 960; x_wconf 79' lang='lat' dir='ltr'><strong>Paulinam,</strong></span> 
     </span>
     <span class='ocr_line' id='line_1_5' title="bbox 337 983 1541 1066; baseline 0 -18"><span class='ocrx_word' id='word_1_28' title='bbox 337 983 509 1066; x_wconf 83' lang='lat' dir='ltr'><strong>Euodium,</strong></span> <span class='ocrx_word' id='word_1_29' title='bbox 532 984 575 1049; x_wconf 89' lang='lat' dir='ltr'><strong>ad</strong></span> <span class='ocrx_word' id='word_1_30' title='bbox 590 984 799 1051; x_wconf 80' lang='lat' dir='ltr'><strong>Valentinum</strong></span> <span class='ocrx_word' id='word_1_31' title='bbox 815 994 847 1050; x_wconf 88' lang='lat' dir='ltr'><strong>et</strong></span> <span class='ocrx_word' id='word_1_32' title='bbox 866 986 1050 1066; x_wconf 74' lang='lat' dir='ltr'><strong>monachos,</strong></span> <span class='ocrx_word' id='word_1_33' title='bbox 1074 985 1114 1050; x_wconf 90' lang='lat' dir='ltr'><strong>ad</strong></span> <span class='ocrx_word' id='word_1_34' title='bbox 1138 984 1359 1050; x_wconf 77' lang='lat' dir='ltr'><strong>Vincentium.</strong></span> <span class='ocrx_word' id='word_1_35' title='bbox 1428 985 1464 1052; x_wconf 99' lang='grc'><strong>5.</strong></span> <span class='ocrx_word' id='word_1_36' title='bbox 1482 984 1541 1048; x_wconf 90' lang='lat' dir='ltr'><strong>De</strong></span> 
     </span>
     <span class='ocr_line' id='line_1_6' title="bbox 337 1086 1541 1174; baseline -0.002 -22"><span class='ocrx_word' id='word_1_37' title='bbox 337 1086 438 1154; x_wconf 85' lang='lat' dir='ltr'><strong>libero</strong></span> <span class='ocrx_word' id='word_1_38' title='bbox 461 1088 595 1154; x_wconf 89' lang='lat' dir='ltr'><strong>arbitrio</strong></span> <span class='ocrx_word' id='word_1_39' title='bbox 618 1099 651 1154; x_wconf 87' lang='lat' dir='ltr'><strong>et</strong></span> <span class='ocrx_word' id='word_1_40' title='bbox 666 1089 762 1155; x_wconf 85' lang='lat' dir='ltr'><strong>Unde</strong></span> <span class='ocrx_word' id='word_1_41' title='bbox 785 1089 905 1154; x_wconf 88' lang='lat' dir='ltr'><strong>malum</strong></span> <span class='ocrx_word' id='word_1_42' title='bbox 927 1089 1122 1172; x_wconf 93' lang='grc'><strong>(32,1221).</strong></span> <span class='ocrx_word' id='word_1_43' title='bbox 1168 1088 1200 1155; x_wconf 86' lang='grc'><strong>6.</strong></span> <span class='ocrx_word' id='word_1_44' title='bbox 1224 1089 1275 1154; x_wconf 95' lang='lat' dir='ltr'><strong>De</strong></span> <span class='ocrx_word' id='word_1_45' title='bbox 1292 1090 1449 1174; x_wconf 85' lang='lat' dir='ltr'><strong>magistro</strong></span> <span class='ocrx_word' id='word_1_46' title='bbox 1468 1087 1541 1171; x_wconf 82' lang='lat'><strong>(32,</strong></span> 
     </span>
     <span class='ocr_line' id='line_1_7' title="bbox 337 1192 1541 1279; baseline 0.001 -24"><span class='ocrx_word' id='word_1_47' title='bbox 337 1194 448 1276; x_wconf 84' lang='lat'><em>1193).</em></span> <span class='ocrx_word' id='word_1_48' title='bbox 516 1192 546 1260; x_wconf 93' lang='grc'><strong>7.</strong></span> <span class='ocrx_word' id='word_1_49' title='bbox 571 1195 621 1258; x_wconf 89' lang='lat' dir='ltr'><strong>De</strong></span> <span class='ocrx_word' id='word_1_50' title='bbox 638 1217 717 1259; x_wconf 87' lang='lat' dir='ltr'><strong>vera</strong></span> <span class='ocrx_word' id='word_1_51' title='bbox 732 1193 886 1278; x_wconf 87' lang='lat' dir='ltr'><strong>religione</strong></span> <span class='ocrx_word' id='word_1_52' title='bbox 903 1193 969 1279; x_wconf 89' lang='grc'><strong><em>(34,</em></strong></span> <span class='ocrx_word' id='word_1_53' title='bbox 986 1195 1076 1272; x_wconf 93' lang='grc'><strong>121).</strong></span> <span class='ocrx_word' id='word_1_54' title='bbox 1152 1194 1186 1260; x_wconf 91' lang='grc'><strong>8.</strong></span> <span class='ocrx_word' id='word_1_55' title='bbox 1212 1194 1424 1258; x_wconf 85' lang='lat' dir='ltr'><strong>Hexameron</strong></span> <span class='ocrx_word' id='word_1_56' title='bbox 1436 1214 1541 1278; x_wconf 90' lang='lat' dir='ltr'><strong>super</strong></span> 
     </span>
     <span class='ocr_line' id='line_1_8' title="bbox 338 1297 1395 1385; baseline -0.002 -21"><span class='ocrx_word' id='word_1_57' title='bbox 338 1298 481 1364; x_wconf 82' lang='lat' dir='ltr'><strong>Genesin</strong></span> <span class='ocrx_word' id='word_1_58' title='bbox 507 1299 575 1384; x_wconf 91' lang='grc'><strong><em>(34,</em></strong></span> <span class='ocrx_word' id='word_1_59' title='bbox 591 1298 701 1385; x_wconf 84' lang='grc'><strong>2451).</strong></span> <span class='ocrx_word' id='word_1_60' title='bbox 769 1299 803 1365; x_wconf 87' lang='grc'><strong>9.</strong></span> <span class='ocrx_word' id='word_1_61' title='bbox 828 1299 880 1364; x_wconf 87' lang='lat' dir='ltr'><strong>De</strong></span> <span class='ocrx_word' id='word_1_62' title='bbox 903 1308 1015 1364; x_wconf 84' lang='lat' dir='ltr'><strong>sancta</strong></span> <span class='ocrx_word' id='word_1_63' title='bbox 1037 1299 1196 1364; x_wconf 87' lang='lat' dir='ltr'><strong>Trinitate</strong></span> <span class='ocrx_word' id='word_1_64' title='bbox 1219 1297 1288 1383; x_wconf 88' lang='grc'><strong><em>(42,</em></strong></span> <span class='ocrx_word' id='word_1_65' title='bbox 1303 1299 1395 1385; x_wconf 93' lang='grc'><strong>819).</strong></span> 
     </span>
     <span class='ocr_line' id='line_1_9' title="bbox 1431 1411 1519 1468; baseline 0 -2"><span class='ocrx_word' id='word_1_66' title='bbox 1431 1411 1519 1468; x_wconf 79' lang='grc'><strong>2734</strong></span> 
     </span>
     <span class='ocr_line' id='line_1_10' title="bbox 444 1506 1542 1592; baseline -0.002 -20"><span class='ocrx_word' id='word_1_67' title='bbox 444 1518 515 1573; x_wconf 84' lang='grc'><strong>109.</strong></span> <span class='ocrx_word' id='word_1_68' title='bbox 539 1506 677 1592; x_wconf 69' lang='lat' dir='ltr'><strong>membr,</strong></span> <span class='ocrx_word' id='word_1_69' title='bbox 701 1529 725 1573; x_wconf 84' lang='lat' dir='ltr'><strong>s.</strong></span> <span class='ocrx_word' id='word_1_70' title='bbox 742 1507 837 1572; x_wconf 89' lang='lat' dir='ltr'><em>XIII.</em></span> <span class='ocrx_word' id='word_1_71' title='bbox 861 1507 999 1572; x_wconf 68' lang='lat' dir='ltr'><strong>Eschate</strong></span> <span class='ocrx_word' id='word_1_72' title='bbox 1013 1508 1098 1572; x_wconf 74' lang='lat' dir='ltr'><strong>naci</strong></span> <span class='ocrx_word' id='word_1_73' title='bbox 1114 1507 1215 1572; x_wconf 74' lang='lat' dir='ltr'><strong>sinam</strong></span> <span class='ocrx_word' id='word_1_74' title='bbox 1238 1507 1444 1572; x_wconf 81' lang='lat' dir='ltr'><strong>Beatioriam</strong></span> <span class='ocrx_word' id='word_1_75' title='bbox 1468 1508 1542 1570; x_wconf 78' lang='lat' dir='ltr'><strong>aad</strong></span> 
     </span>
     <span class='ocr_line' id='line_1_11' title="bbox 338 1612 1542 1699; baseline 0 -22"><span class='ocrx_word' id='word_1_76' title='bbox 338 1613 438 1677; x_wconf 62' lang='lat' dir='ltr'><strong>anem</strong></span> <span class='ocrx_word' id='word_1_77' title='bbox 469 1613 589 1677; x_wconf 71' lang='lat' dir='ltr'><strong>bureau</strong></span> <span class='ocrx_word' id='word_1_78' title='bbox 619 1613 752 1676; x_wconf 73' lang='lat' dir='ltr'><strong>Ibaotat</strong></span> <span class='ocrx_word' id='word_1_79' title='bbox 782 1613 823 1678; x_wconf 90' lang='lat' dir='ltr'><strong>de</strong></span> <span class='ocrx_word' id='word_1_80' title='bbox 853 1612 1024 1679; x_wconf 82' lang='lat' dir='ltr'><strong>arboribus</strong></span> <span class='ocrx_word' id='word_1_81' title='bbox 1059 1614 1144 1677; x_wconf 76' lang='lat' dir='ltr'><strong>auch</strong></span> <span class='ocrx_word' id='word_1_82' title='bbox 1175 1612 1388 1699; x_wconf 88' lang='lat' dir='ltr'><strong>Lapidarinm</strong></span> <span class='ocrx_word' id='word_1_83' title='bbox 1420 1635 1440 1677; x_wconf 88' lang='lat' dir='ltr'><strong>a</strong></span> <span class='ocrx_word' id='word_1_84' title='bbox 1472 1613 1542 1677; x_wconf 86' lang='lat' dir='ltr'><strong>Ma-</strong></span> 
     </span>
     <span class='ocr_line' id='line_1_12' title="bbox 337 1714 1541 1804; baseline -0.002 -22"><span class='ocrx_word' id='word_1_85' title='bbox 337 1720 438 1804; x_wconf 88' lang='lat' dir='ltr'><strong>gistro</strong></span> <span class='ocrx_word' id='word_1_86' title='bbox 461 1717 628 1784; x_wconf 81' lang='lat' dir='ltr'><strong>Gaufredo</strong></span> <span class='ocrx_word' id='word_1_87' title='bbox 651 1718 802 1804; x_wconf 84' lang='lat' dir='ltr'><strong>physioo;</strong></span> <span class='ocrx_word' id='word_1_88' title='bbox 825 1714 907 1804; x_wconf 73' lang='lat' dir='ltr'><strong>bap:</strong></span> <span class='ocrx_word' id='word_1_89' title='bbox 935 1717 1042 1799; x_wconf 83' lang='lat' dir='ltr'><strong>,Euax</strong></span> <span class='ocrx_word' id='word_1_90' title='bbox 1069 1740 1130 1784; x_wconf 85' lang='lat' dir='ltr'><strong>rex</strong></span> <span class='ocrx_word' id='word_1_91' title='bbox 1154 1717 1303 1784; x_wconf 78' lang='lat' dir='ltr'><strong>Arabum</strong></span> <span class='ocrx_word' id='word_1_92' title='bbox 1325 1716 1397 1782; x_wconf 65' lang='grc' dir='ltr'><strong>(13οὲ</strong></span> <span class='ocrx_word' id='word_1_93' title='bbox 1423 1716 1541 1802; x_wconf 76' lang='grc' dir='ltr'><strong><em>(Ματ-</em></strong></span> 
     </span>
     <span class='ocr_line' id='line_1_13' title="bbox 339 1822 698 1909; baseline 0.008 -24"><span class='ocrx_word' id='word_1_94' title='bbox 339 1822 470 1901; x_wconf 81' lang='lat' dir='ltr'><strong>dodus,·</strong></span> <span class='ocrx_word' id='word_1_95' title='bbox 493 1823 698 1909; x_wconf 91' lang='grc'><strong>171,1737).</strong></span> 
     </span>
     <span class='ocr_line' id='line_1_14' title="bbox 1431 1935 1517 1990; baseline 0.023 -2"><span class='ocrx_word' id='word_1_96' title='bbox 1431 1935 1517 1990; x_wconf 81' lang='grc'><strong>2735</strong></span> 
     </span>
     <span class='ocr_line' id='line_1_15' title="bbox 442 2029 1539 2117; baseline -0.004 -21"><span class='ocrx_word' id='word_1_97' title='bbox 442 2041 515 2114; x_wconf 79' lang='grc'><strong>114.</strong></span> <span class='ocrx_word' id='word_1_98' title='bbox 538 2031 676 2116; x_wconf 69' lang='grc' dir='ltr'><strong>τηωηόν,</strong></span> <span class='ocrx_word' id='word_1_99' title='bbox 698 2053 724 2094; x_wconf 87' lang='lat' dir='ltr'><strong>s.</strong></span> <span class='ocrx_word' id='word_1_100' title='bbox 745 2030 813 2094; x_wconf 91' lang='lat' dir='ltr'><strong>XV.</strong></span> <span class='ocrx_word' id='word_1_101' title='bbox 904 2032 934 2098; x_wconf 91' lang='lat'><strong>1.</strong></span> <span class='ocrx_word' id='word_1_102' title='bbox 958 2029 1178 2117; x_wconf 81' lang='lat' dir='ltr'><strong>Cypriani</strong></span> <span class='ocrx_word' id='word_1_103' title='bbox 1212 2052 1311 2116; x_wconf 88' lang='lat' dir='ltr'><strong>opera</strong></span> <span class='ocrx_word' id='word_1_104' title='bbox 1348 2029 1539 2115; x_wconf 75' lang='lat' dir='ltr'><strong>(voraugelst</strong></span> 
     </span>
     <span class='ocr_line' id='line_1_16' title="bbox 338 2133 1538 2222; baseline -0.002 -20"><span class='ocrx_word' id='word_1_105' title='bbox 338 2159 463 2202; x_wconf 84' lang='lat' dir='ltr'><strong>summa</strong></span> <span class='ocrx_word' id='word_1_106' title='bbox 494 2136 679 2204; x_wconf 87' lang='lat' dir='ltr'><strong>Cassiodori</strong></span> <span class='ocrx_word' id='word_1_107' title='bbox 714 2135 754 2202; x_wconf 88' lang='lat' dir='ltr'><strong>de</strong></span> <span class='ocrx_word' id='word_1_108' title='bbox 785 2136 817 2202; x_wconf 86' lang='lat' dir='ltr'><strong>S.</strong></span> <span class='ocrx_word' id='word_1_109' title='bbox 847 2134 1028 2222; x_wconf 78' lang='lat' dir='ltr'><strong>Cipriano):</strong></span> <span class='ocrx_word' id='word_1_110' title='bbox 1060 2135 1101 2200; x_wconf 89' lang='lat' dir='ltr'><strong>de</strong></span> <span class='ocrx_word' id='word_1_111' title='bbox 1132 2137 1255 2201; x_wconf 89' lang='lat' dir='ltr'><strong>unitate</strong></span> <span class='ocrx_word' id='word_1_112' title='bbox 1286 2133 1465 2214; x_wconf 85' lang='lat' dir='ltr'><strong>ecelesiae,</strong></span> <span class='ocrx_word' id='word_1_113' title='bbox 1498 2135 1538 2200; x_wconf 87' lang='lat' dir='ltr'><strong>de</strong></span> 
     </span>
     <span class='ocr_line' id='line_1_17' title="bbox 338 2237 1538 2327; baseline -0.003 -21"><span class='ocrx_word' id='word_1_114' title='bbox 338 2241 509 2327; x_wconf 82' lang='lat' dir='ltr'><strong>disciplina</strong></span> <span class='ocrx_word' id='word_1_115' title='bbox 543 2251 575 2306; x_wconf 88' lang='lat' dir='ltr'><strong>et</strong></span> <span class='ocrx_word' id='word_1_116' title='bbox 607 2240 722 2306; x_wconf 88' lang='lat' dir='ltr'><strong>habitu</strong></span> <span class='ocrx_word' id='word_1_117' title='bbox 746 2241 919 2324; x_wconf 90' lang='lat' dir='ltr'><strong>virginum,</strong></span> <span class='ocrx_word' id='word_1_118' title='bbox 951 2239 1123 2326; x_wconf 89' lang='lat' dir='ltr'><strong>delapsis,</strong></span> <span class='ocrx_word' id='word_1_119' title='bbox 1147 2239 1189 2305; x_wconf 93' lang='lat' dir='ltr'><strong>de</strong></span> <span class='ocrx_word' id='word_1_120' title='bbox 1218 2237 1473 2319; x_wconf 84' lang='lat' dir='ltr'><strong>immortalitate,</strong></span> <span class='ocrx_word' id='word_1_121' title='bbox 1497 2239 1538 2305; x_wconf 90' lang='lat' dir='ltr'><strong>de</strong></span> 
     </span>
     <span class='ocr_line' id='line_1_18' title="bbox 338 2343 1537 2431; baseline -0.003 -19"><span class='ocrx_word' id='word_1_122' title='bbox 338 2348 481 2412; x_wconf 88' lang='lat' dir='ltr'><strong>oratione</strong></span> <span class='ocrx_word' id='word_1_123' title='bbox 502 2345 672 2429; x_wconf 83' lang='lat' dir='ltr'><strong>dominica,</strong></span> <span class='ocrx_word' id='word_1_124' title='bbox 697 2344 738 2410; x_wconf 91' lang='lat' dir='ltr'><strong>de</strong></span> <span class='ocrx_word' id='word_1_125' title='bbox 761 2367 859 2431; x_wconf 88' lang='lat' dir='ltr'><strong>opere</strong></span> <span class='ocrx_word' id='word_1_126' title='bbox 882 2354 915 2411; x_wconf 87' lang='lat' dir='ltr'><strong>et</strong></span> <span class='ocrx_word' id='word_1_127' title='bbox 937 2343 1152 2431; x_wconf 84' lang='lat' dir='ltr'><strong>eleemosyna,</strong></span> <span class='ocrx_word' id='word_1_128' title='bbox 1176 2343 1218 2408; x_wconf 91' lang='lat' dir='ltr'><strong>de</strong></span> <span class='ocrx_word' id='word_1_129' title='bbox 1240 2343 1325 2409; x_wconf 92' lang='lat' dir='ltr'><strong>bono</strong></span> <span class='ocrx_word' id='word_1_130' title='bbox 1348 2345 1537 2430; x_wconf 87' lang='lat' dir='ltr'><strong>patientiae,</strong></span> 
     </span>
     <span class='ocr_line' id='line_1_19' title="bbox 338 2449 1536 2536; baseline -0.001 -21"><span class='ocrx_word' id='word_1_131' title='bbox 338 2450 379 2515; x_wconf 90' lang='lat' dir='ltr'><strong>de</strong></span> <span class='ocrx_word' id='word_1_132' title='bbox 409 2450 477 2516; x_wconf 83' lang='lat' dir='ltr'><strong>zelo</strong></span> <span class='ocrx_word' id='word_1_133' title='bbox 501 2459 533 2516; x_wconf 91' lang='lat' dir='ltr'><strong>et</strong></span> <span class='ocrx_word' id='word_1_134' title='bbox 561 2450 674 2533; x_wconf 86' lang='lat' dir='ltr'><strong>livore,</strong></span> <span class='ocrx_word' id='word_1_135' title='bbox 706 2449 747 2515; x_wconf 91' lang='lat' dir='ltr'><strong>de</strong></span> <span class='ocrx_word' id='word_1_136' title='bbox 778 2450 1002 2514; x_wconf 76' lang='lat' dir='ltr'><strong>exhortatione</strong></span> <span class='ocrx_word' id='word_1_137' title='bbox 1032 2459 1212 2536; x_wconf 84' lang='lat' dir='ltr'><strong>martyrum</strong></span> <span class='ocrx_word' id='word_1_138' title='bbox 1242 2449 1285 2514; x_wconf 89' lang='lat' dir='ltr'><strong>ad</strong></span> <span class='ocrx_word' id='word_1_139' title='bbox 1307 2449 1536 2530; x_wconf 85' lang='lat' dir='ltr'><strong>Fortunatum,</strong></span> 
     </span>
     <span class='ocr_line' id='line_1_20' title="bbox 338 2552 1536 2640; baseline -0.003 -20"><span class='ocrx_word' id='word_1_140' title='bbox 338 2555 380 2621; x_wconf 91' lang='lat' dir='ltr'><strong>de</strong></span> <span class='ocrx_word' id='word_1_141' title='bbox 401 2554 552 2621; x_wconf 86' lang='lat' dir='ltr'><strong>laudibus</strong></span> <span class='ocrx_word' id='word_1_142' title='bbox 575 2565 766 2640; x_wconf 89' lang='lat' dir='ltr'><strong>martyrum,</strong></span> <span class='ocrx_word' id='word_1_143' title='bbox 789 2554 831 2620; x_wconf 93' lang='lat' dir='ltr'><strong>de</strong></span> <span class='ocrx_word' id='word_1_144' title='bbox 854 2556 1036 2639; x_wconf 81' lang='lat' dir='ltr'><strong>cognitione</strong></span> <span class='ocrx_word' id='word_1_145' title='bbox 1060 2553 1123 2618; x_wconf 90' lang='lat' dir='ltr'><strong>Dei</strong></span> <span class='ocrx_word' id='word_1_146' title='bbox 1146 2552 1189 2618; x_wconf 92' lang='lat' dir='ltr'><strong>ad</strong></span> <span class='ocrx_word' id='word_1_147' title='bbox 1212 2552 1472 2629; x_wconf 86' lang='lat' dir='ltr'><strong>Demetrianum,</strong></span> <span class='ocrx_word' id='word_1_148' title='bbox 1496 2553 1536 2618; x_wconf 91' lang='lat' dir='ltr'><strong>de</strong></span> 
     </span>
     <span class='ocr_line' id='line_1_21' title="bbox 339 2657 1536 2745; baseline -0.001 -22"><span class='ocrx_word' id='word_1_149' title='bbox 339 2659 552 2725; x_wconf 89' lang='lat' dir='ltr'><strong>emolumento</strong></span> <span class='ocrx_word' id='word_1_150' title='bbox 568 2661 692 2745; x_wconf 87' lang='lat' dir='ltr'><strong>gratiae</strong></span> <span class='ocrx_word' id='word_1_151' title='bbox 711 2658 753 2725; x_wconf 90' lang='lat' dir='ltr'><strong>ad</strong></span> <span class='ocrx_word' id='word_1_152' title='bbox 770 2659 945 2724; x_wconf 88' lang='lat' dir='ltr'><strong>Donatum.</strong></span> <span class='ocrx_word' id='word_1_153' title='bbox 1014 2659 1046 2727; x_wconf 85' lang='grc'><strong>2.</strong></span> <span class='ocrx_word' id='word_1_154' title='bbox 1071 2659 1103 2725; x_wconf 91' lang='lat' dir='ltr'><strong>S.</strong></span> <span class='ocrx_word' id='word_1_155' title='bbox 1120 2657 1334 2724; x_wconf 86' lang='lat' dir='ltr'><strong>Baoharins</strong></span> <span class='ocrx_word' id='word_1_156' title='bbox 1355 2657 1536 2723; x_wconf 83' lang='lat' dir='ltr'><strong>monachus</strong></span> 
     </span>
     <span class='ocr_line' id='line_1_22' title="bbox 337 2760 1534 2849; baseline -0.006 -19"><span class='ocrx_word' id='word_1_157' title='bbox 337 2763 378 2830; x_wconf 92' lang='lat' dir='ltr'><strong>de</strong></span> <span class='ocrx_word' id='word_1_158' title='bbox 405 2765 608 2849; x_wconf 84' lang='lat' dir='ltr'><strong>reparatione</strong></span> <span class='ocrx_word' id='word_1_159' title='bbox 631 2763 711 2849; x_wconf 89' lang='lat' dir='ltr'><strong>lapsi</strong></span> <span class='ocrx_word' id='word_1_160' title='bbox 735 2763 931 2848; x_wconf 78' lang='lat'><strong>(20,1037).</strong></span> <span class='ocrx_word' id='word_1_161' title='bbox 961 2762 1005 2826; x_wconf 84' lang='lat' dir='ltr'><strong>Es</strong></span> <span class='ocrx_word' id='word_1_162' title='bbox 1015 2760 1129 2848; x_wconf 74' lang='lat' dir='ltr'><strong>fulgen</strong></span> <span class='ocrx_word' id='word_1_163' title='bbox 1145 2762 1340 2827; x_wconf 82' lang='lat' dir='ltr'><strong>Ambrosii</strong></span> <span class='ocrx_word' id='word_1_164' title='bbox 1360 2771 1534 2827; x_wconf 82' lang='lat' dir='ltr'><strong>tractatus:</strong></span> 
     </span>
     <span class='ocr_line' id='line_1_23' title="bbox 337 2865 1536 2953; baseline -0.003 -19"><span class='ocrx_word' id='word_1_165' title='bbox 337 2867 371 2934; x_wconf 98' lang='grc'><strong>3.</strong></span> <span class='ocrx_word' id='word_1_166' title='bbox 396 2868 448 2932; x_wconf 85' lang='lat' dir='ltr'><strong>De</strong></span> <span class='ocrx_word' id='word_1_167' title='bbox 477 2867 571 2953; x_wconf 92' lang='lat' dir='ltr'><strong>lapsu</strong></span> <span class='ocrx_word' id='word_1_168' title='bbox 593 2869 728 2951; x_wconf 84' lang='lat' dir='ltr'><strong>virginis</strong></span> <span class='ocrx_word' id='word_1_169' title='bbox 758 2866 826 2952; x_wconf 89' lang='lat'><strong>(16,</strong></span> <span class='ocrx_word' id='word_1_170' title='bbox 848 2865 940 2953; x_wconf 86' lang='grc'><strong>367).</strong></span> <span class='ocrx_word' id='word_1_171' title='bbox 1006 2868 1040 2933; x_wconf 86' lang='grc'><strong>4.</strong></span> <span class='ocrx_word' id='word_1_172' title='bbox 1065 2867 1117 2931; x_wconf 90' lang='lat' dir='ltr'><strong>De</strong></span> <span class='ocrx_word' id='word_1_173' title='bbox 1148 2868 1330 2952; x_wconf 80' lang='lat' dir='ltr'><strong>praeseptis</strong></span> <span class='ocrx_word' id='word_1_174' title='bbox 1357 2867 1517 2931; x_wconf 85' lang='lat' dir='ltr'><strong>virtutum</strong></span> <span class='ocrx_word' id='word_1_175' title='bbox 1524 2887 1536 2944; x_wconf 91' lang='lat'><strong>,·</strong></span> 
     </span>
     <span class='ocr_line' id='line_1_24' title="bbox 338 2969 1535 3058; baseline 0.001 -25"><span class='ocrx_word' id='word_1_176' title='bbox 338 2969 472 3058; x_wconf 70' lang='lat' dir='ltr'><strong>Aufaaq</strong></span> <span class='ocrx_word' id='word_1_177' title='bbox 508 2971 723 3035; x_wconf 76' lang='lat' dir='ltr'><strong>unleaerls&#39;ols:</strong></span> <span class='ocrx_word' id='word_1_178' title='bbox 760 2971 898 3057; x_wconf 64' lang='lat' dir='ltr'><strong>,prudffi</strong></span> <span class='ocrx_word' id='word_1_179' title='bbox 934 2993 1025 3036; x_wconf 88' lang='lat' dir='ltr'><strong>mens</strong></span> <span class='ocrx_word' id='word_1_180' title='bbox 1062 2969 1133 3035; x_wconf 65' lang='lat' dir='ltr'><strong>‹stu‘</strong></span> <span class='ocrx_word' id='word_1_181' title='bbox 1221 2971 1256 3039; x_wconf 83' lang='lat'><strong>5.</strong></span> <span class='ocrx_word' id='word_1_182' title='bbox 1287 2970 1339 3035; x_wconf 85' lang='lat' dir='ltr'><strong>De</strong></span> <span class='ocrx_word' id='word_1_183' title='bbox 1377 2969 1535 3036; x_wconf 87' lang='lat' dir='ltr'><strong>Paradiso</strong></span> 
     </span>
     <span class='ocr_line' id='line_1_25' title="bbox 338 3072 1535 3162; baseline -0.001 -23"><span class='ocrx_word' id='word_1_184' title='bbox 338 3075 405 3160; x_wconf 92' lang='grc'><strong><em>(14,</em></strong></span> <span class='ocrx_word' id='word_1_185' title='bbox 427 3075 515 3161; x_wconf 88' lang='grc'><strong>275).</strong></span> <span class='ocrx_word' id='word_1_186' title='bbox 598 3075 630 3143; x_wconf 82' lang='grc'><strong>6.</strong></span> <span class='ocrx_word' id='word_1_187' title='bbox 653 3075 705 3140; x_wconf 89' lang='lat' dir='ltr'><strong>De</strong></span> <span class='ocrx_word' id='word_1_188' title='bbox 733 3077 930 3162; x_wconf 90' lang='lat' dir='ltr'><strong>paenitentia</strong></span> <span class='ocrx_word' id='word_1_189' title='bbox 962 3075 1027 3159; x_wconf 89' lang='grc'><strong><em>(16,</em></strong></span> <span class='ocrx_word' id='word_1_190' title='bbox 1051 3072 1141 3160; x_wconf 86' lang='grc'><strong>465).</strong></span> <span class='ocrx_word' id='word_1_191' title='bbox 1230 3074 1263 3142; x_wconf 91' lang='grc'><strong>7.</strong></span> <span class='ocrx_word' id='word_1_192' title='bbox 1295 3075 1348 3140; x_wconf 92' lang='lat' dir='ltr'><strong>De</strong></span> <span class='ocrx_word' id='word_1_193' title='bbox 1385 3073 1535 3160; x_wconf 84' lang='lat' dir='ltr'><strong>apologia</strong></span> 
     </span>
     <span class='ocr_line' id='line_1_26' title="bbox 336 3178 1533 3266; baseline -0.003 -22"><span class='ocrx_word' id='word_1_194' title='bbox 336 3179 476 3246; x_wconf 85' lang='lat' dir='ltr'><strong>Davidis</strong></span> <span class='ocrx_word' id='word_1_195' title='bbox 500 3178 566 3264; x_wconf 87' lang='grc'><strong><em>(14,</em></strong></span> <span class='ocrx_word' id='word_1_196' title='bbox 581 3180 672 3265; x_wconf 89' lang='grc'><strong>851).</strong></span> <span class='ocrx_word' id='word_1_197' title='bbox 746 3181 780 3249; x_wconf 91' lang='grc'><strong>8.</strong></span> <span class='ocrx_word' id='word_1_198' title='bbox 805 3181 857 3244; x_wconf 86' lang='lat' dir='ltr'><strong>De</strong></span> <span class='ocrx_word' id='word_1_199' title='bbox 879 3179 1088 3245; x_wconf 87' lang='lat' dir='ltr'><strong>observantia</strong></span> <span class='ocrx_word' id='word_1_200' title='bbox 1110 3180 1334 3266; x_wconf 80' lang='lat' dir='ltr'><strong>episcoporum</strong></span> <span class='ocrx_word' id='word_1_201' title='bbox 1359 3178 1427 3265; x_wconf 91' lang='grc'><strong>(17,</strong></span> <span class='ocrx_word' id='word_1_202' title='bbox 1442 3179 1533 3263; x_wconf 87' lang='grc'><strong>567).</strong></span> 
     </span>
     <span class='ocr_line' id='line_1_27' title="bbox 336 3283 1535 3371; baseline -0.003 -20"><span class='ocrx_word' id='word_1_203' title='bbox 336 3284 370 3353; x_wconf 88' lang='grc'><strong>9.</strong></span> <span class='ocrx_word' id='word_1_204' title='bbox 394 3285 447 3349; x_wconf 92' lang='lat' dir='ltr'><strong>De</strong></span> <span class='ocrx_word' id='word_1_205' title='bbox 480 3283 565 3349; x_wconf 93' lang='lat' dir='ltr'><strong>bono</strong></span> <span class='ocrx_word' id='word_1_206' title='bbox 600 3286 712 3350; x_wconf 90' lang='lat' dir='ltr'><strong>mortis</strong></span> <span class='ocrx_word' id='word_1_207' title='bbox 747 3283 815 3369; x_wconf 89' lang='grc'><strong><em>(14,</em></strong></span> <span class='ocrx_word' id='word_1_208' title='bbox 837 3286 927 3371; x_wconf 89' lang='grc'><strong>539).</strong></span> <span class='ocrx_word' id='word_1_209' title='bbox 1005 3286 1059 3353; x_wconf 87' lang='lat'><strong>10.</strong></span> <span class='ocrx_word' id='word_1_210' title='bbox 1083 3285 1135 3350; x_wconf 85' lang='lat' dir='ltr'><strong>De</strong></span> <span class='ocrx_word' id='word_1_211' title='bbox 1169 3306 1308 3350; x_wconf 83' lang='lat' dir='ltr'><strong>excessu</strong></span> <span class='ocrx_word' id='word_1_212' title='bbox 1339 3284 1450 3349; x_wconf 80' lang='lat' dir='ltr'><strong>fratris</strong></span> <span class='ocrx_word' id='word_1_213' title='bbox 1485 3286 1535 3348; x_wconf 90' lang='lat' dir='ltr'><strong>sni</strong></span> 
     </span>
     <span class='ocr_line' id='line_1_28' title="bbox 279 3386 1534 3476; baseline -0.003 -21"><span class='ocrx_word' id='word_1_214' title='bbox 279 3397 288 3426; x_wconf 68' lang='lat'>²</span> <span class='ocrx_word' id='word_1_215' title='bbox 338 3389 446 3476; x_wconf 84' lang='lat' dir='ltr'><strong>Satyri</strong></span> <span class='ocrx_word' id='word_1_216' title='bbox 463 3388 531 3474; x_wconf 84' lang='lat'><strong>(16,</strong></span> <span class='ocrx_word' id='word_1_217' title='bbox 547 3386 660 3474; x_wconf 85' lang='lat'><em>1289).</em></span> <span class='ocrx_word' id='word_1_218' title='bbox 727 3389 781 3456; x_wconf 93' lang='lat' dir='ltr'><strong>ll.</strong></span> <span class='ocrx_word' id='word_1_219' title='bbox 806 3389 858 3454; x_wconf 90' lang='lat' dir='ltr'><strong>De</strong></span> <span class='ocrx_word' id='word_1_220' title='bbox 874 3390 952 3475; x_wconf 84' lang='lat' dir='ltr'><strong>fuga</strong></span> <span class='ocrx_word' id='word_1_221' title='bbox 968 3388 1087 3456; x_wconf 82' lang='lat' dir='ltr'><strong>saeculi</strong></span> <span class='ocrx_word' id='word_1_222' title='bbox 1105 3389 1172 3473; x_wconf 91' lang='grc'><strong>(14,</strong></span> <span class='ocrx_word' id='word_1_223' title='bbox 1187 3389 1279 3473; x_wconf 85' lang='grc'><strong>569).</strong></span> <span class='ocrx_word' id='word_1_224' title='bbox 1346 3388 1403 3455; x_wconf 74' lang='lat'><strong>12.</strong></span> <span class='ocrx_word' id='word_1_225' title='bbox 1428 3387 1534 3452; x_wconf 88' lang='lat' dir='ltr'><strong>Beda</strong></span> 
     </span>
     <span class='ocr_line' id='line_1_29' title="bbox 336 3492 1536 3581; baseline -0.002 -24"><span class='ocrx_word' id='word_1_226' title='bbox 336 3492 540 3558; x_wconf 84' lang='lat' dir='ltr'><strong>Venerabilis</strong></span> <span class='ocrx_word' id='word_1_227' title='bbox 557 3493 598 3557; x_wconf 92' lang='lat' dir='ltr'><strong>de</strong></span> <span class='ocrx_word' id='word_1_228' title='bbox 613 3492 821 3559; x_wconf 81' lang='lat' dir='ltr'><strong>tabernaculo</strong></span> <span class='ocrx_word' id='word_1_229' title='bbox 840 3495 907 3578; x_wconf 87' lang='lat'><strong>(91,</strong></span> <span class='ocrx_word' id='word_1_230' title='bbox 922 3494 1000 3579; x_wconf 88' lang='grc'><strong>393)</strong></span> <span class='ocrx_word' id='word_1_231' title='bbox 1017 3492 1217 3581; x_wconf 74' lang='lat' dir='ltr'><strong>qesohrs&#39;edea</strong></span> <span class='ocrx_word' id='word_1_232' title='bbox 1232 3494 1328 3558; x_wconf 84' lang='lat'><strong>1432.</strong></span> <span class='ocrx_word' id='word_1_233' title='bbox 1376 3493 1451 3561; x_wconf 87' lang='grc'><strong>*13.</strong></span> <span class='ocrx_word' id='word_1_234' title='bbox 1468 3493 1536 3558; x_wconf 89' lang='lat' dir='ltr'><strong>Isi-</strong></span> 
     </span>
     <span class='ocr_line' id='line_1_30' title="bbox 338 3596 1468 3684; baseline 0.001 -23"><span class='ocrx_word' id='word_1_235' title='bbox 338 3597 454 3662; x_wconf 86' lang='lat' dir='ltr'><strong>dorus</strong></span> <span class='ocrx_word' id='word_1_236' title='bbox 476 3596 517 3662; x_wconf 89' lang='lat' dir='ltr'><strong>ad</strong></span> <span class='ocrx_word' id='word_1_237' title='bbox 542 3597 763 3663; x_wconf 85' lang='lat' dir='ltr'><strong>Florentinam</strong></span> <span class='ocrx_word' id='word_1_238' title='bbox 785 3620 927 3664; x_wconf 89' lang='lat' dir='ltr'><strong>sororem</strong></span> <span class='ocrx_word' id='word_1_239' title='bbox 952 3598 993 3664; x_wconf 91' lang='lat' dir='ltr'><strong>de</strong></span> <span class='ocrx_word' id='word_1_240' title='bbox 1015 3599 1079 3664; x_wconf 88' lang='lat' dir='ltr'><strong>fide</strong></span> <span class='ocrx_word' id='word_1_241' title='bbox 1103 3599 1261 3664; x_wconf 80' lang='lat' dir='ltr'><strong>catholiea</strong></span> <span class='ocrx_word' id='word_1_242' title='bbox 1284 3599 1350 3684; x_wconf 88' lang='grc'><strong>(83,</strong></span> <span class='ocrx_word' id='word_1_243' title='bbox 1374 3599 1468 3684; x_wconf 90' lang='grc'><strong>449).</strong></span> 
     </span>
     <span class='ocr_line' id='line_1_31' title="bbox 339 3701 1424 3790; baseline 0.002 -24"><span class='ocrx_word' id='word_1_244' title='bbox 339 3702 392 3768; x_wconf 91' lang='grc'><strong>14.</strong></span> <span class='ocrx_word' id='word_1_245' title='bbox 416 3701 562 3767; x_wconf 85' lang='lat' dir='ltr'><strong>Seneca</strong></span> <span class='ocrx_word' id='word_1_246' title='bbox 585 3701 626 3768; x_wconf 88' lang='lat' dir='ltr'><strong>de</strong></span> <span class='ocrx_word' id='word_1_247' title='bbox 648 3704 859 3769; x_wconf 78' lang='lat' dir='ltr'><strong>instructione</strong></span> <span class='ocrx_word' id='word_1_248' title='bbox 883 3725 1007 3770; x_wconf 88' lang='lat' dir='ltr'><strong>morum</strong></span> <span class='ocrx_word' id='word_1_249' title='bbox 1032 3702 1111 3788; x_wconf 86' lang='lat' dir='ltr'><em>(III,</em></span> <span class='ocrx_word' id='word_1_250' title='bbox 1126 3705 1192 3768; x_wconf 84' lang='grc'><strong>462</strong></span> <span class='ocrx_word' id='word_1_251' title='bbox 1215 3702 1263 3768; x_wconf 85' lang='lat' dir='ltr'><strong>ed.</strong></span> <span class='ocrx_word' id='word_1_252' title='bbox 1287 3702 1424 3790; x_wconf 80' lang='lat' dir='ltr'><strong>Haase).</strong></span> 
     </span>
     <span class='ocr_line' id='line_1_32' title="bbox 1428 3816 1510 3871; baseline 0 0"><span class='ocrx_word' id='word_1_253' title='bbox 1428 3816 1510 3871; x_wconf 86' lang='grc'><strong>2736</strong></span> 
     </span>
     <span class='ocr_line' id='line_1_33' title="bbox 444 3908 1529 3999; baseline 0.003 -26"><span class='ocrx_word' id='word_1_254' title='bbox 444 3919 515 3975; x_wconf 80' lang='lat'><strong>122.</strong></span> <span class='ocrx_word' id='word_1_255' title='bbox 539 3908 677 3996; x_wconf 64' lang='lat' dir='ltr'><strong>membr,</strong></span> <span class='ocrx_word' id='word_1_256' title='bbox 701 3934 725 3977; x_wconf 86' lang='lat' dir='ltr'><strong>s.</strong></span> <span class='ocrx_word' id='word_1_257' title='bbox 743 3910 821 3976; x_wconf 90' lang='lat' dir='ltr'><strong>XV.</strong></span> <span class='ocrx_word' id='word_1_258' title='bbox 896 3913 949 3978; x_wconf 81' lang='grc'><strong>*1.</strong></span> <span class='ocrx_word' id='word_1_259' title='bbox 973 3912 1144 3978; x_wconf 79' lang='lat' dir='ltr'><strong>Senecae</strong></span> <span class='ocrx_word' id='word_1_260' title='bbox 1166 3911 1339 3999; x_wconf 87' lang='lat' dir='ltr'><strong>proverbia</strong></span> <span class='ocrx_word' id='word_1_261' title='bbox 1362 3922 1395 3978; x_wconf 92' lang='lat' dir='ltr'><strong>et</strong></span> <span class='ocrx_word' id='word_1_262' title='bbox 1418 3933 1529 3977; x_wconf 86' lang='lat' dir='ltr'><strong>versus</strong></span> 
     </span>
     <span class='ocr_line' id='line_1_34' title="bbox 337 4015 1528 4103; baseline -0.001 -24"><span class='ocrx_word' id='word_1_263' title='bbox 337 4037 435 4102; x_wconf 88' lang='lat' dir='ltr'><strong>super</strong></span> <span class='ocrx_word' id='word_1_264' title='bbox 457 4015 572 4081; x_wconf 87' lang='lat' dir='ltr'><strong>eadem</strong></span> <span class='ocrx_word' id='word_1_265' title='bbox 595 4038 653 4102; x_wconf 89' lang='lat' dir='ltr'><strong>per</strong></span> <span class='ocrx_word' id='word_1_266' title='bbox 676 4019 866 4102; x_wconf 87' lang='lat' dir='ltr'><strong>magistrum</strong></span> <span class='ocrx_word' id='word_1_267' title='bbox 890 4016 1076 4083; x_wconf 83' lang='lat' dir='ltr'><strong>Evrardum</strong></span> <span class='ocrx_word' id='word_1_268' title='bbox 1109 4017 1355 4103; x_wconf 78' lang='lat' dir='ltr'><strong>(Betduneasem</strong></span> <span class='ocrx_word' id='word_1_269' title='bbox 1369 4017 1400 4097; x_wconf 78' lang='grc'><strong>1,·</strong></span> <span class='ocrx_word' id='word_1_270' title='bbox 1430 4016 1528 4080; x_wconf 80' lang='lat' dir='ltr'><strong>Febr.</strong></span> 
     </span>
    </p>
   </div>
   <div class='ocr_carea' id='block_1_3' title="bbox 337 4120 1531 4311">
    <p class='ocr_par' dir='ltr' id='par_1_3' title="bbox 337 4120 1531 4311">
     <span class='ocr_line' id='line_1_35' title="bbox 337 4120 1529 4206; baseline 0.003 -24"><span class='ocrx_word' id='word_1_271' title='bbox 337 4120 383 4204; x_wconf 87' lang='lat' dir='ltr'><strong>II,</strong></span> <span class='ocrx_word' id='word_1_272' title='bbox 411 4121 475 4206; x_wconf 93' lang='grc'><strong>73).</strong></span> <span class='ocrx_word' id='word_1_273' title='bbox 567 4121 620 4188; x_wconf 85' lang='grc'><strong>*2.</strong></span> <span class='ocrx_word' id='word_1_274' title='bbox 644 4121 858 4205; x_wconf 85' lang='lat' dir='ltr'><strong>Augustini</strong></span> <span class='ocrx_word' id='word_1_275' title='bbox 888 4121 1027 4206; x_wconf 91' lang='lat' dir='ltr'><strong>epistula</strong></span> <span class='ocrx_word' id='word_1_276' title='bbox 1055 4122 1099 4187; x_wconf 87' lang='lat' dir='ltr'><strong>ad</strong></span> <span class='ocrx_word' id='word_1_277' title='bbox 1129 4121 1274 4189; x_wconf 87' lang='lat' dir='ltr'><strong>Cirillum</strong></span> <span class='ocrx_word' id='word_1_278' title='bbox 1305 4120 1346 4186; x_wconf 92' lang='lat' dir='ltr'><strong>de</strong></span> <span class='ocrx_word' id='word_1_279' title='bbox 1376 4121 1474 4187; x_wconf 88' lang='lat' dir='ltr'><strong>lande</strong></span> <span class='ocrx_word' id='word_1_280' title='bbox 1501 4131 1529 4185; x_wconf 88' lang='lat' dir='ltr'><strong>et</strong></span> 
     </span>
     <span class='ocr_line' id='line_1_36' title="bbox 338 4225 1531 4311; baseline -0.001 -21"><span class='ocrx_word' id='word_1_281' title='bbox 338 4225 427 4290; x_wconf 91' lang='lat' dir='ltr'><strong>obitu</strong></span> <span class='ocrx_word' id='word_1_282' title='bbox 450 4225 607 4290; x_wconf 85' lang='lat' dir='ltr'><strong>Jeronimi</strong></span> <span class='ocrx_word' id='word_1_283' title='bbox 639 4233 671 4290; x_wconf 88' lang='lat' dir='ltr'><strong>et</strong></span> <span class='ocrx_word' id='word_1_284' title='bbox 697 4225 798 4291; x_wconf 83' lang='lat' dir='ltr'><strong>Oirilli</strong></span> <span class='ocrx_word' id='word_1_285' title='bbox 824 4225 866 4290; x_wconf 93' lang='lat' dir='ltr'><strong>ad</strong></span> <span class='ocrx_word' id='word_1_286' title='bbox 889 4225 1110 4311; x_wconf 88' lang='lat' dir='ltr'><strong>Augustiuum</strong></span> <span class='ocrx_word' id='word_1_287' title='bbox 1138 4226 1179 4292; x_wconf 88' lang='lat' dir='ltr'><strong>de</strong></span> <span class='ocrx_word' id='word_1_288' title='bbox 1200 4225 1297 4292; x_wconf 87' lang='lat' dir='ltr'><strong>laude</strong></span> <span class='ocrx_word' id='word_1_289' title='bbox 1319 4227 1480 4293; x_wconf 89' lang='lat' dir='ltr'><strong>Jeronimi</strong></span> <span class='ocrx_word' id='word_1_290' title='bbox 1501 4234 1531 4290; x_wconf 86' lang='lat' dir='ltr'><strong>et</strong></span> 
     </span>
    </p>
   </div>
   <div class='ocr_carea' id='block_1_4' title="bbox 337 4328 1529 4730">
    <p class='ocr_par' dir='ltr' id='par_1_4' title="bbox 337 4328 1529 4521">
     <span class='ocr_line' id='line_1_37' title="bbox 337 4328 1529 4422; baseline 0.002 -28"><span class='ocrx_word' id='word_1_291' title='bbox 337 4331 476 4396; x_wconf 91' lang='lat' dir='ltr'><strong>transitu</strong></span> <span class='ocrx_word' id='word_1_292' title='bbox 507 4328 640 4395; x_wconf 85' lang='lat' dir='ltr'><strong>Eusebii</strong></span> <span class='ocrx_word' id='word_1_293' title='bbox 673 4329 748 4416; x_wconf 71' lang='lat' dir='ltr'><strong>(up.</strong></span> <span class='ocrx_word' id='word_1_294' title='bbox 773 4329 858 4416; x_wconf 81' lang='lat' dir='ltr'><strong>App.</strong></span> <span class='ocrx_word' id='word_1_295' title='bbox 883 4332 926 4394; x_wconf 92' lang='grc'><strong>18</strong></span> <span class='ocrx_word' id='word_1_296' title='bbox 947 4331 1017 4395; x_wconf 81' lang='lat' dir='ltr'><strong>und</strong></span> <span class='ocrx_word' id='word_1_297' title='bbox 1039 4331 1097 4410; x_wconf 85' lang='lat'><strong>19;</strong></span> <span class='ocrx_word' id='word_1_298' title='bbox 1126 4330 1313 4422; x_wconf 84' lang='lat'><strong>33,1120).</strong></span> <span class='ocrx_word' id='word_1_299' title='bbox 1375 4411 1378 4416; x_wconf 15' lang='grc' dir='ltr'><strong>Δ</strong></span> <span class='ocrx_word' id='word_1_300' title='bbox 1408 4331 1441 4399; x_wconf 87' lang='grc'><strong>3.</strong></span> <span class='ocrx_word' id='word_1_301' title='bbox 1464 4330 1529 4396; x_wconf 93' lang='lat' dir='ltr'><strong>Au·</strong></span> 
     </span>
     <span class='ocr_line' id='line_1_38' title="bbox 338 4434 1443 4521; baseline 0.001 -23"><span class='ocrx_word' id='word_1_302' title='bbox 338 4437 483 4519; x_wconf 90' lang='lat' dir='ltr'><strong>gustini</strong></span> <span class='ocrx_word' id='word_1_303' title='bbox 522 4455 687 4501; x_wconf 90' lang='lat' dir='ltr'><strong>sermones</strong></span> <span class='ocrx_word' id='word_1_304' title='bbox 710 4458 783 4500; x_wconf 85' lang='lat' dir='ltr'><strong>xxvr</strong></span> <span class='ocrx_word' id='word_1_305' title='bbox 806 4434 847 4499; x_wconf 90' lang='lat' dir='ltr'><strong>ad</strong></span> <span class='ocrx_word' id='word_1_306' title='bbox 883 4434 1001 4500; x_wconf 87' lang='lat' dir='ltr'><strong>fratres</strong></span> <span class='ocrx_word' id='word_1_307' title='bbox 1035 4438 1069 4500; x_wconf 92' lang='lat' dir='ltr'><strong>in</strong></span> <span class='ocrx_word' id='word_1_308' title='bbox 1105 4457 1212 4502; x_wconf 87' lang='lat' dir='ltr'><strong>eremo</strong></span> <span class='ocrx_word' id='word_1_309' title='bbox 1248 4435 1443 4521; x_wconf 88' lang='grc'><strong>(40,1342).</strong></span> 
     </span>
    </p>

    <p class='ocr_par' dir='ltr' id='par_1_5' title="bbox 337 4515 1528 4730">
     <span class='ocr_line' id='line_1_39' title="bbox 337 4515 1527 4624; baseline 0.002 -20"><span class='ocrx_word' id='word_1_310' title='bbox 337 4539 369 4606; x_wconf 89' lang='grc'><strong>4.</strong></span> <span class='ocrx_word' id='word_1_311' title='bbox 392 4538 538 4604; x_wconf 87' lang='lat' dir='ltr'><strong>Libellus</strong></span> <span class='ocrx_word' id='word_1_312' title='bbox 560 4538 648 4604; x_wconf 91' lang='lat' dir='ltr'><strong>beati</strong></span> <span class='ocrx_word' id='word_1_313' title='bbox 671 4539 883 4624; x_wconf 88' lang='lat' dir='ltr'><strong>Augustini</strong></span> <span class='ocrx_word' id='word_1_314' title='bbox 906 4539 947 4604; x_wconf 92' lang='lat' dir='ltr'><strong>de</strong></span> <span class='ocrx_word' id='word_1_315' title='bbox 971 4540 1124 4605; x_wconf 84' lang='lat' dir='ltr'><strong>conflictu</strong></span> <span class='ocrx_word' id='word_1_316' title='bbox 1145 4543 1298 4606; x_wconf 84' lang='lat' dir='ltr'><strong>vitiorum</strong></span> <span class='ocrx_word' id='word_1_317' title='bbox 1321 4551 1353 4606; x_wconf 88' lang='lat' dir='ltr'><strong>et</strong></span> <span class='ocrx_word' id='word_1_318' title='bbox 1374 4515 1527 4606; x_wconf 69' lang='lat' dir='ltr'><strong>iirtutum</strong></span> 
     </span>
     <span class='ocr_line' id='line_1_40' title="bbox 341 4641 1528 4730; baseline 0.006 -26"><span class='ocrx_word' id='word_1_319' title='bbox 341 4641 407 4726; x_wconf 86' lang='grc'><strong><em>(40,</em></strong></span> <span class='ocrx_word' id='word_1_320' title='bbox 425 4643 534 4730; x_wconf 87' lang='grc'><strong>1091).</strong></span> <span class='ocrx_word' id='word_1_321' title='bbox 624 4645 656 4714; x_wconf 89' lang='grc'><strong>5.</strong></span> <span class='ocrx_word' id='word_1_322' title='bbox 681 4644 924 4730; x_wconf 87' lang='lat' dir='ltr'><strong>Augustinus</strong></span> <span class='ocrx_word' id='word_1_323' title='bbox 955 4644 996 4710; x_wconf 90' lang='lat' dir='ltr'><strong>de</strong></span> <span class='ocrx_word' id='word_1_324' title='bbox 1027 4667 1174 4710; x_wconf 90' lang='lat' dir='ltr'><strong>sermone</strong></span> <span class='ocrx_word' id='word_1_325' title='bbox 1198 4645 1329 4712; x_wconf 90' lang='lat' dir='ltr'><strong>Domini</strong></span> <span class='ocrx_word' id='word_1_326' title='bbox 1360 4649 1394 4711; x_wconf 91' lang='lat' dir='ltr'><strong>in</strong></span> <span class='ocrx_word' id='word_1_327' title='bbox 1424 4656 1528 4712; x_wconf 88' lang='lat' dir='ltr'><strong>monte</strong></span> 
     </span>
    </p>
   </div>
   <div class='ocr_carea' id='block_1_5' title="bbox 0 0 1606 5480">
    <p class='ocr_par' dir='ltr' id='par_1_6' title="bbox 0 0 1606 5480">
     <span class='ocr_line' id='line_1_41' title="bbox 0 0 1606 5480; baseline 0 0"><span class='ocrx_word' id='word_1_328' title='bbox 0 0 1606 5480; x_wconf 95' lang='lat' dir='ltr'><strong> </strong></span> 
     </span>
    </p>
   </div>
  </div>
 </body>
</html>
