3228 5476
80 509 335 596 (3554—3561)
555 526 589 567 rs.
604 529 624 568 s.
639 525 817 568 nummu-11.
1237 507 1278 571 8‘1

184 711 264 768 884.
288 703 332 784 4⁰,
357 704 416 782 81,
440 725 463 765 a.
477 702 545 766 XV.
575 701 711 767 Cicero
735 703 777 767 de
799 703 922 767 officiis.
1171 709 1255 764 3554

1173 831 1255 886 3555

185 955 263 1009 885.
294 945 352 1027 4⁰,
380 969 431 1026 m.‚
459 969 483 1009 a.
500 945 567 1008 XV.
635 946 666 1013 1.
690 945 825 1010 Cicero
851 944 892 1010 de
922 946 1072 1010 amicitia.
1166 943 1201 1010 2.
1226 943 1279 1008 08

77 1059 259 1115 senectute.
328 1052 361 1119 3.
385 1051 566 1115 Paradoxa.

1171 1163 1254 1217 6556

185 1287 263 1342 888.
294 1279 350 1354 8⁰,
377 1301 430 1361 m.,
456 1299 480 1342 a.
498 1275 565 1340 XV.
635 1279 664 1344 l.
687 1275 822 1342 Cicero
846 1276 1059 1340 deamicitia.
1127 1275 1160 1342 2.
1183 1275 1279 1341 Vitae

79 1382 173 1444 Beati
198 1381 355 1446 Monachi
377 1393 410 1446 et
433 1381 523 1446 Pauli
547 1381 719 1446 Eremitae.

1172 1494 1254 1549 3557

185 1616 265 1671 881.
288 1607 365 1694 fol,
392 1629 444 1690 na,
471 1629 496 1672 a.
514 1606 573 1669 XI.
619 1606 817 1672 Ciceronis
843 1608 1013 1671 orationes.
1075 1607 1106 1672 l.
1134 1607 1168 1670 iu
1195 1605 1279 1672 Cati-

78 1710 191 1776 linam.
248 1712 283 1779 2.
306 1733 364 1798 pro
388 1711 530 1796 Ligario.
598 1711 630 1778 3.
655 1732 714 1796 pro
736 1711 900 1775 Deiotaro.

187 1840 265 1896 888.
287 1833 345 1915 4⁰,
367 1855 420 1914 88,
442 1855 467 1896 8.
484 1832 552 1895 XV.
598 1831 797 1896 Ciceronis
819 1831 1027 1918 Philippicae.
1172 1841 1255 1896 8518

1172 1961 1255 2018 3559

187 2086 264 2139 889.
289 2075 366 2161 fol,
393 2099 445 2157 nn,
472 2098 496 2140 s.
513 2075 581 2140 XV.
627 2075 826 2141 Ciceronis
848 2078 1018 2141 orationes.
1085 2075 1117 2142 1.
1142 2097 1200 2161 pro
1223 2077 1278 2140 im·

81 2182 171 2263 perio
198 2179 258 2244 Cn.
274 2181 419 2266 Pompei.
485 2181 521 2247 2.
544 2202 602 2266 pro
626 2179 755 2245 Milone.
822 2181 856 2247 3.
881 2203 938 2266 pro
960 2179 1101 2244 Plancio.
1162 2182 1195 2247 4.
1220 2203 1278 2265 pro

81 2282 182 2348 Sulla.
246 2285 279 2352 5.
303 2306 361 2368 pro
385 2285 519 2350 Licinio.
581 2285 614 2353 6.
637 2307 695 2370 pro
718 2283 881 2350 Marcello.
942 2284 973 2353 7.
996 2306 1054 2370 pro
1077 2284 1218 2370 Ligario.

81 2387 114 2454 8.
136 2409 199 2472 pro
215 2411 294 2473 rege
309 2389 473 2454 Deiotaro.
524 2390 559 2455 3.
577 2411 634 2474 pro
651 2387 808 2455 Cluentio.
855 2389 912 2456 10.
930 2411 987 2474 pro
1004 2388 1160 2469 Quintilio
1178 2387 1228 2472 (J).

84 2493 137 2558 ll.
163 2515 224 2578 pro
248 2492 374 2558 118888.
442 2494 498 2561 12.
523 2517 588 2580 qua
607 2493 724 2579 populo
747 2496 868 2580 gratias
894 2495 970 2578 egit.
1038 2493 1092 2561 13.
1119 2491 1162 2558 ad
1190 2515 1279 2557 sena-

81 2605 161 2660 tum.
231 2597 287 2663 14.
310 2596 385 2662 adv.
406 2596 577 2663 Catilinam
600 2621 640 2661 iv.
708 2598 763 2666 15.
787 2596 830 2662 ad
852 2597 1029 2683 pontifices.
1097 2597 1151 2663 16.
1174 2597 1277 2682 Epist.

82 2699 122 2764 ad
147 2698 319 2780 Quintum.
389 2702 441 2768 17.
464 2725 522 2788 pro
545 2703 691 2767 Murena.
755 2701 809 2769 18.
832 2700 873 2766 de
895 2703 1069 2787 provinciis
1092 2700 1212 2766 consul.

83 2805 138 2871 13.
159 2826 220 2890 pro
244 2805 288 2870 Μ.
306 2804 424 2872 088118.
482 2807 540 2874 20.
560 2827 618 2892 pro
641 2799 752 2872 Balbo.
808 2805 864 2873 21.
882 2827 941 2890 pro
964 2805 996 2870 S.
1014 2805 1129 2870 Roscio
1149 2805 1222 2870 Am.

85 2909 141 2976 22.
158 2912 194 2974 in
211 2911 386 2976 Vatinium.
432 2911 486 2979 23.
502 2913 533 2974 in
551 2913 699 2978 Sextium
716 2909 767 2994 (l).
814 2910 873 2978 24.
889 2912 923 2974 in
937 2910 1098 2976 Pisonem.
1143 2909 1199 2978 25.
1220 2931 1278 2994 pro

85 3013 219 3078 Rabirio
246 3015 333 3080 Post.
401 3015 459 3082 26.
487 3037 545 3099 pro
573 3015 704 3079 Rabirio
732 3013 822 3101 perd.
892 3013 947 3082 27.
976 3036 1034 3099 pro
1061 3013 1211 3080 Caecina.

1171 3162 1255 3216 3560

190 3286 264 3340 890.
289 3277 370 3361 sol,
401 3299 456 3360 m.,
487 3299 511 3342 s.
533 3277 620 3342 XIV.
666 3278 834 3344 Senecae
864 3299 971 3362 opera.
1050 3277 1082 3342 l.
1113 3274 1277 3360 Epistulae

85 3379 126 3443 ad
150 3380 297 3445 Paulum.
362 3383 396 3448 2.
421 3381 472 3446 De
495 3382 674 3447 clementia.
734 3383 767 3449 3.
792 3379 955 3467 Epistolae
977 3379 1019 3444 ad
1042 3377 1213 3445 Lucilium.

86 3486 117 3549 4.
132 3484 185 3549 De
200 3484 352 3549 remediis
367 3485 581 3550 fortuitorum.
634 3486 668 3554 5.
685 3486 738 3552 08
753 3496 876 3570 septem
891 3483 1078 3550 liberalibus
1092 3483 1226 3550 artibus.

86 3589 118 3654 6.
141 3589 194 3653 08
218 3599 369 3674 quattuor
391 3589 575 3655 virtutibus.
636 3591 666 3658 7.
689 3590 876 3655 Proverbia.
935 3589 970 3657 8.
990 3589 1044 3654 08
1065 3587 1217 3654 moribus.
1338 3605 1346 3620 ·

87 3693 121 3759 2.
143 3693 200 3758 Ad
222 3691 385 3760 Nouatum
412 3697 615 3780 quaestiones
641 3693 814 3760 naturales.
881 3695 934 3762 10.
956 3694 1009 3760 08
1034 3692 1211 3760 6888118118.

88 3798 138 3865 11.
161 3799 215 3863 08
240 3797 445 3883 providentia
468 3799 531 3865 Dei
561 3798 603 3864 ad
628 3798 797 3865 Lucillum.
866 3787 920 3867 12.
942 3798 996 3863 De
1023 3799 1203 3863 constantia
1230 3820 1277 3862 sa·

88 3904 213 3988 pientia.
282 3903 334 3972 16.
359 3904 411 3968 08
434 3903 529 3969 beata
551 3907 627 3970 vita.
697 3905 750 3971 14.
774 3904 826 3968 08
849 3902 1079 3988 tranquillitate
1102 3905 1210 3968 animi.

89 4007 141 4073 15.
167 4007 219 4071 08
249 4005 408 4072 brevitate
431 4011 526 4073 vitae.
599 4009 652 4075 16.
677 4009 729 4073 08
756 4011 804 4072 ira
834 4007 877 4072 ad
900 4007 1072 4072 Novatum.
1144 4006 1199 4073 17.
1223 4006 1277 4071 Ad

88 4109 253 4175 Marciam.
319 4111 374 4179 18.
397 4111 451 4176 Ad
474 4112 634 4177 Helviam.
702 4112 757 4179 19.
780 4112 832 4175 De
859 4114 952 4196 eopia
973 4111 1147 4177 verborum
1174 4111 1217 4176 ad
1244 4111 1275 4176 b.

88 4214 231 4280 Paulum.
299 4215 357 4283 20.
380 4217 432 4280 08
455 4215 523 4281 8818
547 4219 615 4282 sive
638 4216 743 4282 luctus
767 4214 1086 4301 (Apccolocyntoaia).

1170 4329 1251 4386 3561

190 4453 263 4508 881.
286 4443 363 4528 fol,
393 4467 444 4519 m.,
475 4443 602 4508 aXIV.
670 4446 702 4512 l.
735 4445 903 4514 Senecae
930 4443 1085 4530 epistolae
1110 4443 1153 4509 ad
1181 4443 1276 4509 Luci-

88 4545 172 4611 lium.
226 4548 258 4615 2.
279 4548 446 4614 Senecae
467 4551 567 4634 patris
587 4549 856 4616 declamationum
876 4548 950 4613 libri
970 4573 999 4612 x.
1051 4549 1084 4616 3.
1107 4547 1275 4614 Senecae

89 4663 118 4716 81
141 4651 233 4717 Ρ8811
255 4653 416 4738 epistolae.
483 4656 516 4720 4.
540 4655 592 4720 08
615 4653 775 4720 brevitate
798 4656 894 4720 vitae.
