3246 5474
115 458 365 532 (4590-4594)
513 467 598 512 run.
612 467 707 511 mnne.
722 467 826 511 numeru
839 467 923 511 runs
1274 452 1317 516 25

1209 653 1293 710 4590

226 758 300 814 372.
323 750 369 830 40,
392 773 444 833 m,
472 771 496 812 s.
513 749 567 813 XI
575 748 631 835 (0)
662 749 696 816 S.
720 748 931 833 Augustini
961 756 1128 814 tractatus.
1209 750 1240 816 l.
1264 749 1317 814 De

115 854 186 918 fide
210 864 242 919 et
265 853 411 940 symbolo
435 853 503 939 (40,
520 853 608 934 181).
697 854 719 922 2
745 851 819 940 (fol.
837 851 905 938 11).
937 852 990 919 Ad
1018 855 1242 940 inquisitiones
1265 852 1318 918 Ja-

116 960 227 1029 nuarii
250 958 323 1023 libri
345 959 379 1023 II
404 957 554 1044 (epm,-
575 958 735 1043 33,199).
805 959 827 1026 3
852 956 928 1042 (fol.
944 957 1012 1043 27).
1044 958 1157 1024 Sermo
1184 957 1226 1023 de
1249 979 1317 1044 per·

114 1065 203 1128 inrio
228 1060 275 1146 (8.
293 1061 373 1143 180,Ι
394 1063 447 1147 38,
464 1062 553 1148 972).
648 1065 670 1129 4
698 1060 772 1148 (fol.
788 1061 856 1148 32).
881 1061 994 1129 Sermo
1016 1063 1050 1126 in
1072 1062 1220 1148 ‚Semper
1241 1083 1317 1146 gau·

115 1167 195 1232 dete
218 1169 287 1232 sine
309 1168 546 1233 intermissione
573 1167 674 1232 orate‘
699 1165 746 1252 (8.
766 1169 844 1248 171,Ι
865 1168 918 1252 38,
935 1167 1024 1252 933).
1101 1168 1122 1235 5
1140 1166 1214 1252 (fol.
1230 1165 1315 1252 330).

114 1271 151 1336 S.
170 1271 408 1337 exhortatorius
431 1273 465 1336 in
487 1273 622 1338 iuvenes
646 1269 694 1356 (8.
714 1271 777 1334 391
783 1293 794 1349 ,·
816 1271 997 1357 39,1706),
1088 1271 1110 1338 (i
1135 1269 1208 1358 (fol.
1230 1269 1316 1355 300).

117 1375 154 1440 S.
179 1376 221 1442 de
244 1375 372 1442 excidio
396 1375 485 1442 urbis
508 1376 630 1441 Romae
654 1375 722 1458 (40,
739 1375 828 1460 716).
919 1375 938 1442 7
964 1374 1123 1462 ((0143).
1153 1375 1254 1440 Liber
1276 1374 1317 1440 de

115 1482 227 1563 gratia
242 1489 274 1545 et
289 1479 391 1546 libero
406 1480 540 1546 arbitrio
556 1480 599 1544 ad
616 1479 825 1546 Valentinum
849 1480 916 1564 (45,
932 1479 1022 1566 881).
1113 1479 1135 1545 8
1157 1479 1231 1566 (fol.
1248 1479 1316 1565 08).

115 1583 153 1649 S.
184 1583 225 1650 de
256 1583 393 1650 utilitate
428 1584 575 1669 agendae
610 1586 828 1670 poenitentiae
859 1582 906 1671 (S.
931 1585 1013 1664 351,·
1041 1585 1229 1671 39,1535).

116 1689 140 1754 9
168 1687 241 1774 (fol.
258 1689 326 1774 83).
351 1689 383 1755 S.
409 1688 450 1754 do
473 1689 658 1755 LXXXIII
681 1688 923 1776 quaestionibus
947 1689 1014 1774 (40,
1033 1689 1100 1775 11).

1211 1805 1293 1858 4591

224 1907 298 1962 378.
321 1899 367 1982 40,
382 1921 434 1982 aa,
450 1920 475 1964 a.
488 1898 580 1962 XIII
590 1898 662 1983 (XI,
679 1897 751 1961 XII
761 1898 822 1984 J).
902 1898 934 1964 1.
951 1897 1154 1982 Smaragdi
1177 1897 1316 1963 Abbaris

115 2001 272 2068 diadema
300 2004 531 2069 monachorum
564 2003 653 2088 (102,
672 2003 764 2088 593).
850 2004 870 2070 2
896 2001 970 2088 βοὶ.
993 2004 1063 2088 89).
1092 2003 1188 2069 Vitae
1210 2025 1317 2068 mona·

115 2108 254 2172 eborum
277 2111 484 2194 antiquorum
507 2107 685 2174 CLXXXI
708 2130 815 2194 eapp.;
841 2105 920 2193 dep:
942 2108 1040 2191 ,Vere
1063 2108 1222 2174 mnndum
1245 2109 1317 2194 quis

115 2211 246 2278 dubitet
268 2209 338 2276 (00.0
363 2211 432 2296 (73,
455 2213 545 2298 739).
612 2213 634 2280 3
658 2210 731 2298 (fol.
754 2211 842 2297 141).
867 2211 1012 2298 Epistola
1036 2211 1179 2278 Helenae
1201 2213 1318 2277 Matris

115 2316 162 2382 ad
179 2315 426 2382 Constantinum
449 2318 675 2403 imperatorem
699 2316 827 2402 aliaque
851 2315 1054 2382 Constantini
1084 2315 1125 2381 ad
1158 2316 1317 2381 Helenam

116 2421 161 2486 de
196 2421 347 2488 oonflietu
380 2420 541 2508 Sylvestri
576 2431 608 2486 et
644 2420 844 2488 Iudaeorum
881 2420 988 2507 *(091.
1014 2419 1091 2485 Coa.
1118 2421 1229 2507 2703).

119 2526 166 2591 *4
191 2523 372 2610 ((01.163).
396 2526 434 2590 B.
451 2526 584 2590 Martini
606 2525 689 2591 liber
711 2526 755 2591 ad
777 2524 936 2592 Mironem
966 2547 1077 2610 regem
1101 2524 1142 2590 de
1164 2525 1232 2591 IllI
1255 2527 1317 2590 vir-

117 2629 244 2696 tutibus
267 2629 498 2696 cardinalibus.

1208 2743 1292 2798 4592

220 2847 294 2902 877.
315 2839 360 2922 40,
376 2861 429 2922 m,
445 2860 468 2903 s.
482 2838 555 2902 XII
567 2839 638 2922 (,X,·
654 2838 825 2924 Karoliap.
843 2837 1023 2903 Minuslcel‘
1037 2837 1099 2924 .Ῑ.).
1115 2838 1154 2904 B.
1171 2837 1315 2903 Isidori

114 2942 320 3028 Hispalensis
337 2943 519 3008 desummo
538 2942 621 3008 bono
637 2943 712 3009 libri
734 2943 784 3008 III
808 2942 877 3028 (83,
893 2943 985 3029 437).

305 3099 309 3106 .
1207 3056 1291 3111 4593

221 3159 296 3216 878.
318 3152 364 3236 40,
387 3174 439 3233 m,
466 3173 490 3216 s.
510 3151 601 3216 XIII
619 3162 647 3216 et
666 3151 751 3216 XIV
761 3151 848 3236 (XII
858 3150 919 3237 .Ι.).
1004 3151 1037 3217 1.
1062 3149 1252 3216 alcuinus
1276 3150 1317 3216 de

115 3254 292 3322 virtutibus
325 3265 358 3321 et
391 3259 477 3322 vitiis
512 3257 554 3322 ad
589 3257 775 3323 Gnidonem
805 3258 957 3322 comitem
989 3255 1078 3342 (101,
1107 3255 1198 3341 613).

116 3359 138 3426 9
164 3358 319 3446 ((0115).
343 3361 375 3427 S.
393 3360 503 3426 Basilii
526 3360 609 3426 liber
633 3361 673 3426 de
697 3361 844 3426 doctrina
867 3361 1061 3426 Christiana.
1118 3358 1231 3445 3((01.
1248 3360 1315 3438 25).

116 3464 291 3530 Sermones
313 3464 452 3550 plurimi.
521 3467 543 3531 4
567 3463 642 3551 (fol.
659 3464 746 3552 410).
772 3465 923 3553 Oapitnla
945 3465 986 3530 de
1010 3465 1230 3531 admonitione
1247 3486 1317 3550 pro-

117 3568 224 3634 Ieotns
246 3571 388 3654 animam
422 3567 495 3655 (fol.
512 3571 571 3653 42)
602 3570 704 3654 ,Tuae
727 3592 791 3635 non
820 3573 990 3635 immemor
1013 3571 1195 3655 petitionis,
1227 3589 1318 3632 ooa-

116 3675 245 3738 tissima
268 3695 359 3739 soror
381 3671 453 3738 cta‘
520 3675 567 3742 *5
591 3674 667 3760 (fol.
690 3674 733 3738 57
738 3697 750 3754 ,·
771 3696 795 3738 s.
812 3674 886 3738 XII
895 3674 957 3760 J).
982 3674 1015 3740 S.
1032 3673 1230 3740 Ambrosii
1253 3673 1318 3736 He-

117 3799 296 3843 xaemeron
319 3777 492 3865 (14,123).
553 3779 574 3845 0
599 3778 779 3865 ((01.122).
805 3780 1021 3865 Hegesippi
1042 3777 1117 3844 libri
1140 3778 1174 3844 II
1197 3777 1238 3843 de
1262 3799 1317 3842 ex·

118 3882 204 3948 cidio
228 3882 472 3969 Hierosolymae
495 3905 569 3949 oum
593 3885 682 3949 initio
704 3886 792 3949 tertii
816 3883 1011 3969 (151901).

225 4101 298 4156 380.
321 4092 367 4174 40,
387 4114 439 4177 m,
460 4114 485 4157 a.
498 4092 579 4158 XIV
590 4093 630 4179 (s.
646 4092 718 4156 XII
728 4092 790 4178 J.).
837 4094 869 4160 1.
893 4093 931 4156 Β.
947 4091 1092 4158 Isidori
1116 3995 1318 4176 Hispaldlldis

120 4194 254 4280 epistola
275 4195 319 4262 ad
341 4197 379 4260 Β.
398 4197 585 4263 Massonnm
608 4200 834 4284 coepiscopum
856 4196 898 4262 de
925 4195 1023 4282 lapsis
1055 4196 1123 4280 (83,
1138 4197 1229 4280 809).

121 4299 242 4386 20001.
264 4299 311 4386 3).
336 4302 492 4368 Elusdem
523 4302 564 4367 de
595 4325 720 4367 summo
752 4302 835 4367 bono
862 4301 937 4366 libri
964 4300 1016 4365 III
1047 4299 1115 4384 (83,
1138 4298 1228 4384 437)

120 4405 142 4472 3
167 4402 241 4489 (fol.
255 4406 344 4490 115).
369 4406 532 4491 Anonymi
553 4406 812 4473 Commentarius
835 4407 868 4472 in
891 4415 989 4491 eaput
1012 4404 1161 4471 ultimum
1183 4403 1319 4468 Prover-

119 4508 246 4575 biornm
269 4509 309 4573 de
332 4511 467 4575 muliere
489 4511 573 4574 forti.
653 4512 675 4576 4
698 4509 772 4596 (fol.
792 4509 880 4594 122).
904 4509 942 4573 B.
959 4507 1104 4573 Isidori
1129 4505 1252 4593 Hispal.
1277 4507 1318 4571 de

119 4612 346 4680 ecelesiasticis
370 4616 485 4682 officiis
510 4615 577 4700 (83,
595 4616 685 4699 727).
