3138 5478
338 415 398 482 118
832 433 859 475 n.
875 433 1021 476 derasum.
1418 413 1540 498 (1891)

334 627 445 690 symm
475 615 524 670 est
553 628 616 670 nou
647 605 780 670 ebreum
803 603 873 670 ὥσ]
906 605 979 690 (fol.
1002 609 1047 670 97
1075 607 1195 670 eadere
1223 606 1323 670 Hand
1346 627 1371 670 a.
1398 603 1541 687 nius)

333 708 550 789 ,anachoresis
567 759 574 772 .
590 732 608 773 σ
625 759 632 772 .
650 711 782 774 remotio
800 708 871 774 ὥσ]
925 710 959 776 2.
986 709 1072 796 (pap
1089 711 1166 795 101)
1192 731 1271 773 oeae
1286 709 1391 773 Haud
1420 707 1464 790 (r.
1482 707 1517 768 X
1510 727 1541 792 j.

334 811 402 874 Der
417 811 499 876 Titel
515 811 754 896 Augustinus
778 811 819 876 de
841 812 941 878 libero
958 813 1089 878 arbitrio
1113 813 1157 876 ist
1176 835 1236 876 verr
1258 821 1408 899 spdterer
1432 811 1543 874 Hand

334 914 552 1001 hinzupefstpt.
597 915 735 1001 Propter
764 937 820 980 eos
849 917 904 1001 qui
935 917 1071 982 hominis
1100 916 1236 981 liberum
1264 916 1442 981 arbitrium
1467 913 1542 978 ὥσ]

337 1017 389 1103 (de
410 1019 522 1104 pratia
538 1029 566 1082 et
583 1017 683 1082 libero
706 1017 845 1082 arbitrio
868 1020 920 1102 44,
936 1021 1026 1105 881).
1071 1021 1104 1088 3.
1124 1019 1169 1106 (p
1185 1021 1264 1106 155)
1281 1018 1542 1105 Augustinus

336 1121 376 1186 de
399 1124 598 1208 correptione
621 1133 652 1188 et
671 1125 776 1207 gratia
793 1121 839 1206 (se
855 1122 929 1209 σι’).
954 1123 1074 1206 ,Lectis
1090 1123 1204 1188 litteris
1220 1125 1337 1188 uestris
1354 1121 1541 1188 Ualentine

335 1226 437 1290 frater
457 1222 527 1290 ὥσ]
552 1223 617 1309 (44,
634 1226 723 1311 916).
768 1227 801 1291 4.
825 1225 870 1311 (p.
887 1227 963 1312 208)
989 1227 1126 1308 ,Primus
1147 1225 1260 1292 doctor
1279 1236 1354 1312 post
1368 1224 1540 1312 apostolos

335 1327 422 1414 apud
444 1349 557 1413 greoos
580 1328 739 1412 Origenes
761 1328 822 1392 fuit
843 1339 880 1393 ut
906 1327 947 1394 de
969 1351 1007 1394 σο
1030 1339 1141 1394 narret
1163 1330 1356 1394 Ambrosius
1379 1330 1537 1393 notarius

336 1433 404 1496 eius
420 1430 489 1495 ὥσ]
514 1429 646 1514 (audere
661 1430 762 1494 Hand
777 1453 813 1517 p.
830 1433 907 1518 209)
924 1433 1086 1517 ,Inprimis
1109 1433 1339 1518 proferendum
1363 1441 1416 1496 est
1441 1431 1539 1496 nobis

337 1557 421 1621 quur
443 1534 561 1600 dieitur
583 1535 802 1600 Antichristus
825 1535 895 1600 ὥσ]

1427 1649 1512 1703 1891

442 1741 720 1824 1226'1.4⁰„m.,
752 1764 776 1808 σ.
807 1741 861 1805 XI
872 1743 917 1808 iu.
963 1743 995 1808 l.
1024 1743 1216 1808 Exoroismi.
1306 1741 1340 1810 ’7.
1363 1741 1535 1828 Epistulae

338 1842 421 1908 duee
448 1845 557 1930 Papae
580 1844 760 1910 Alexandri
788 1846 839 1910 [II
868 1845 910 1910 ed
934 1845 1096 1910 Abbatem
1123 1847 1155 1911 S.
1184 1845 1396 1910 Benedictum
1432 1867 1535 1930 supra

338 1945 473 2014 Padum.
499 1948 572 2034 (fol.
587 1950 622 2012 3⁶
634 1949 728 2014 Roth.
745 1948 841 2035 Cap.)
866 1951 904 2014 In
920 1949 1102 2034 nomineffl)
1127 1951 1285 2035 incipiunt
1300 1949 1443 2035 capitula
1461 1949 1533 2014 libri

338 2073 521 2118 sermonum
537 2052 843 2118 sanetiAmhrosii
857 2051 1013 2138 (durr'tder
1028 2052 1068 2118 al.
1085 2053 1269 2139 Maximi).
1296 2051 1427 2138 (folsp)
1447 2053 1532 2117 Eece

338 2153 420 2220 liber
443 2155 555 2241 plenus
579 2169 610 2222 et
633 2179 757 2221 summo
780 2167 910 2221 nectare
934 2157 1015 2222 letus
1038 2157 1174 2222 Maximi
1200 2156 1249 2240 (iu
1272 2157 1397 2241 Hester)
1425 2156 1530 2220 dietus

340 2257 427 2345 (ist)
463 2279 537 2322 nem
570 2259 684 2324 fertilis
718 2261 833 2325 emieat
866 2260 935 2324 illis.
983 2259 1055 2345 (fol.
1090 2261 1125 2345 5)
1162 2260 1323 2346 Incipiunt
1358 2259 1530 2324 Sermones

339 2362 372 2429 S.
395 2362 531 2426 Maximi
562 2363 769 2428 Taurinensis
802 2363 901 2446 (diere
930 2363 1003 2427 zioei
1031 2362 1134 2428 Worte
1163 2363 1199 2426 in
1229 2363 1356 2448 Raeur)
1387 2366 1527 2449 episcopi

339 2465 499 2531 Praefatio
516 2465 683 2549 ,Libenter
699 2488 757 2531 nos
772 2467 960 2552 praedicare
976 2467 1045 2532 ὥσ]
1110 2467 1144 2534 3.
1169 2467 1220 2531 Ι)σ
1241 2489 1343 2550 grano
1359 2469 1481 2552 sinapis
1498 2478 1527 2531 et

340 2571 372 2636 S.
382 2569 558 2634 Laurentio
573 2571 673 2651 ,Dicit
681 2571 771 2634 Deus
784 2573 817 2635 in
832 2583 943 2636 saneto
959 2571 1126 2655 euangelio
1139 2568 1209 2635 ὥσ]
1226 2569 1245 2654 (
1240 2570 1377 2634 stasim.
1386 2593 1422 2656 p.
1430 2573 1492 2632 361
1502 2571 1525 2646 ?,·

339 2673 422 2758 Aug.
439 2670 472 2737 S.
488 2671 572 2759 App.
588 2675 647 2753 87,·
667 2675 721 2756 39,
744 2674 875 2759 19137).
943 2677 978 2741 4.
1005 2673 1077 2760 (fol.
1094 2675 1147 2759 6⁶)
1172 2675 1349 2758 Sequentia
1372 2673 1411 2738 de
1427 2653 1554 2758 grano*

341 2778 470 2862 sinapis.
498 2776 680 2862 ‚Superiore
705 2776 956 2844 dominicato!
1024 2781 1057 2847 5.
1084 2778 1156 2863 (fol.
1172 2779 1207 2863 8)
1232 2779 1284 2843 De
1307 2776 1429 2863 psalmo
1446 2779 1524 2842 XXI

341 2880 471 2964 ,Psalmi
493 2882 547 2967 qui
571 2881 671 2946 lectus
694 2892 743 2946 est
764 2881 834 2946 ὥσ]
923 2883 956 2949 6.
983 2883 1055 2969 (fol.
1079 2882 1152 2968 10⁶)
1178 2883 1229 2947 Do
1252 2881 1385 2946 camelo.
1430 2883 1525 2965 ,Dicit

341 2989 374 3050 in
397 2984 563 3069 euangelio
586 2983 656 3050 ὥσ]
680 2983 802 3068 (Amdr.
827 3009 902 3072 app.
926 2989 978 3068 17,
1006 2987 1095 3072 680).
1185 2984 1216 3052 7.
1241 2984 1314 3070 (fol.
1339 2985 1408 3070 11⁶)
1434 2985 1523 3064 Quod

342 3089 443 3154 simile
455 3091 496 3152 sit
504 3086 561 3153 ὥσ.
585 3090 638 3170 ,Et
649 3092 710 3176 ipsi
722 3092 808 3155 scitis
822 3090 937 3156 fratres
950 3089 1019 3156 ὥσ]
1037 3088 1159 3173 (Amor.
1176 3111 1252 3174 app.
1266 3091 1309 3150 13
1317 3112 1329 3168 ,·
1345 3091 1396 3170 17,
1408 3091 1494 3174 628).

343 3193 377 3260 8.
403 3192 474 3280 (fol.
499 3194 571 3280 13])
597 3195 648 3258 Ι)σ
678 3197 862 3279 margarita.
897 3195 991 3278 ,Satis
1022 3193 1064 3258 ad
1091 3216 1172 3259 corr.
1204 3193 1273 3258 ὥσ]
1305 3192 1429 3278 (Ansdr.
1452 3217 1521 3278 app.

342 3299 403 3377 54;
433 3298 517 3382 713).
607 3299 640 3365 9.
674 3298 746 3385 (fol.
771 3301 838 3384 14])
877 3301 928 3365 Βσ
958 3321 995 3364 σο
1025 3298 1112 3384 quod
1142 3301 1295 3383 seriptum
1327 3309 1377 3362 est
1406 3298 1522 3362 reddire

342 3425 426 3489 quae
449 3403 511 3466 1)σί
535 3413 618 3466 sunt.
663 3403 825 3484 ‚Nonnulli
853 3407 968 3468 fratres
995 3406 1050 3490 qui
1077 3413 1133 3468 sut
1160 3401 1229 3467 ὥσ]
1254 3402 1407 3487 (Murrius.
1432 3403 1521 3466 Τασν.

343 3507 423 3586 375,·
445 3505 526 3592 Auq.
550 3505 582 3570 S.
607 3506 691 3592 App.
714 3511 771 3590 823
794 3511 846 3589 39,
870 3509 979 3592 1904).
1052 3507 1105 3574 10.
1132 3505 1204 3592 (fol.
1227 3509 1284 3592 17)
1310 3506 1376 3572 Ubi
1399 3505 1522 3570 sabbato

344 3633 475 3676 manum
496 3609 595 3674 aride.
641 3611 832 3696 ,Diligenter
855 3633 912 3676 uos
934 3611 1062 3678 audisse
1089 3609 1187 3676 erede
1211 3611 1279 3676 ὥσ]
1306 3609 1430 3694 (Ambr.
1452 3633 1520 3695 app.

344 3717 403 3796 16,·
424 3715 512 3800 634).
601 3715 655 3781 11.
680 3714 752 3802 (fot.
776 3716 831 3800 19)
871 3716 923 3780 Ι)σ
949 3717 1073 3780 unitate
1101 3715 1258 3780 karitatis.
1305 3716 1469 3799 ,Legimus
1494 3716 1518 3777 in

345 3819 426 3884 libro
441 3818 510 3884 ὥσ]
555 3818 611 3884 la.
637 3818 708 3904 (fol.
726 3819 793 3904 20'1)
811 3821 863 3884 De
882 3817 1021 3904 eoquod
1039 3821 1193 3904 seriptum
1208 3828 1257 3884 est
1272 3821 1345 3905 quis
1368 3822 1467 3884 maior
1480 3829 1521 3882 est

345 3927 378 3988 in
393 3924 450 3987 ὥσ.
473 3924 518 4005 ,Si
542 3922 713 4006 diligenter
734 3924 867 3989 audistis
890 3922 960 3988 ὥσ]
982 3922 1101 4009 Folpen
1123 3925 1202 3986 σσσΙι
1218 3923 1297 3988 niele
1313 3923 1482 3988 Sermones.

345 4029 400 4096 13.
417 4027 502 4092 seht.
515 4027 574 4090 mit
591 4027 664 4113 (fol.
679 4029 754 4110 177)
772 4030 883 4092 Sermo
895 4031 926 4094 in
940 4037 1133 4114 pentecoste.
1155 4028 1288 4112 ,Magna
1299 4039 1348 4092 est
1360 4027 1520 4092 hodiernae

345 4134 527 4198 festiuitatis
542 4131 612 4196 ὥσ]
634 4129 756 4216 (Ambe.
772 4135 814 4194 36
820 4155 832 4210 ;
847 4133 867 4194 5
872 4133 935 4217 75).
960 4133 1072 4198 Sermo
1095 4135 1127 4196 in
1143 4131 1250 4196 Natali
1273 4133 1330 4199 SS.
1347 4133 1473 4198 Nazarii
1493 4142 1519 4194 et

347 4236 440 4302 Celsi.
464 4236 621 4318 ,Audistis
637 4237 753 4300 fratres
768 4236 927 4301 karissimi
951 4260 993 4300 ex
1009 4236 1144 4302 lectione
1159 4234 1229 4301 ὥσ]
1275 4238 1327 4304 14.
1354 4235 1427 4322 (fol.
1441 4235 1517 4318 HM)

346 4342 497 4426 Hymnus
513 4339 555 4404 ad
569 4363 683 4406 manus
698 4342 930 4425 impositionem
947 4363 1044 4426 super
1060 4341 1231 4406 infirmum.
1245 4339 1371 4406 Christe
1387 4340 1518 4404 eoelestis

347 4443 507 4509 medicina
529 4447 629 4529 patris
653 4465 748 4508 uerus
769 4443 927 4509 humanae
943 4444 1087 4508 medicus
1103 4444 1214 4510 salutis
1230 4467 1287 4530 pro
1304 4443 1367 4508 fido
1382 4443 1518 4530 precihus

348 4548 432 4634 plebi
455 4557 602 4633 potenter
624 4547 731 4632 pande
753 4547 896 4611 fauorem
915 4547 973 4612 ὥσ.
997 4548 1060 4612 Die
1075 4551 1104 4612 9.
1123 4545 1241 4633 (ietzte)
1259 4546 1393 4634 Strophe
1417 4547 1517 4612 lauret:
