3250 5488
100 497 199 573 243)
618 513 635 554 1.
652 513 776 588 eaustus.
791 515 811 554 a
1265 493 1306 555 47

100 684 277 770 Suffuda'bl.
300 709 361 750 oon
385 687 432 752 St.
459 685 583 764 Galles,
610 685 684 752 Cod.
706 687 771 750 424
793 686 859 749 uod
880 687 964 766 435,·
990 683 1116 760 Delisle,
1144 683 1309 768 Melooqca

100 789 140 853 do
162 789 398 877 puleofflaplric,
417 813 451 876 p.
473 791 526 854 66.
567 789 642 854 Wus
663 791 718 854 mit
742 788 833 874 Hilse
860 789 918 854 dor
941 811 999 852 vora
1022 788 1082 851 mir
1105 789 1308 870 auspercbrt'e-

103 891 203 958 Μαι
228 894 380 980 Arrsr'inqe
403 895 552 958 beatimmt
578 894 699 958 werden
726 894 853 971 lmen,
885 892 964 957 bobo
991 894 1039 955 icls
1065 895 1107 954 im
1135 891 1310 978 Folqeodau

101 997 305 1082 adpellem
327 997 425 1062 tader
447 1021 515 1062 war
537 999 603 1062 dies
625 996 771 1084 cielsuclt,
795 996 981 1060 oomcrrtlielr
1006 996 1055 1060 ba·
1076 997 1136 1059 dea
1159 995 1308 1082 Epistula,

104 1101 154 1164 bis
168 1104 254 1190 jstzt
275 1103 358 1166 nicet
378 1101 518 1188 nrdqla'cla
549 1101 627 1165 Eine
642 1124 759 1184 poouue
779 1101 1014 1185 Ualerutcduup
1037 1099 1090 1164 des
1112 1099 1308 1164 wertboollca

102 1205 286 1270 Homiliors
309 1207 348 1270 ist
371 1207 413 1270 im
437 1207 546 1290 Zuqe).

221 1311 345 1374 Vos-cus
366 1313 435 1396 palat
459 1310 511 1374 die
532 1309 649 1374 ttbliclte
679 1309 829 1372 Vera-ede:

212 1413 385 1479 INCIPIT
420 1413 691 1478 PRAEFATIO.
738 1412 884 1478 Cernens
918 1414 949 1476 in
982 1411 1120 1478 ccclesia
1154 1413 1309 1498 plurimos

106 1519 296 1585 damnum
311 1521 548 1605 scripturarum
564 1521 727 1603 sagaciter
748 1519 937 1603 perquirere
953 1539 1068 1582 sensus
1083 1527 1116 1581 et
1131 1538 1307 1602 earumque

106 1625 238 1688 animus
259 1623 311 1708 (2)
343 1623 482 1688 mauells
512 1623 691 1708 decerpere
722 1621 848 1686 fructus
877 1621 964 1686 hunc
995 1643 1038 1686 ex
1069 1622 1177 1686 multis
1206 1639 1308 1685 unum

108 1727 343 1811 allegoriarum
376 1727 512 1792 floribus
546 1726 678 1811 plenum
713 1727 824 1792 curaui
860 1725 1013 1809 colligere
1046 1725 1166 1790 librum
1201 1733 1234 1790 et
1267 1725 1308 1790 de

108 1853 305 1916 magnorum
338 1833 532 1898 tractatibus
562 1831 760 1917 prolatisque
791 1830 994 1895 sermonibus
1029 1841 1158 1917 patrum
1191 1830 1225 1894 id
1260 1839 1309 1894 est

109 1935 226 2002 Hilarii
260 1936 442 2000 Hieronimi
472 1936 638 2001 Ambrosii
669 1936 822 2019 Agustini
853 1935 998 2020 Cipriani
1027 1933 1128 2000 Cirilli
1157 1933 1310 2018 Gregorii

110 2041 235 2104 Victori
265 2040 432 2125 Fulgentii
460 2039 613 2104 lobannis
641 2038 824 2104 Cassiodori
854 2038 960 2104 Fidoli
981 2043 1025 2120 (.)
1057 2039 1147 2116 Bedq
1177 2039 1310 2103 Eucerii

111 2144 273 2210 Eucherii
297 2143 492 2228 (Paeoniis)
522 2143 637 2208 Isidori
665 2143 814 2209 Primasii
838 2152 869 2207 at
892 2143 933 2208 de
958 2153 1052 2208 caute
1080 2141 1227 2227 legendis
1249 2142 1308 2206 Pe·

110 2248 185 2332 lagii
201 2256 235 2312 et
251 2246 406 2332 Origenis
424 2249 517 2334 quasi
533 2246 574 2312 de
590 2249 716 2331 magnis
732 2245 920 2312 fluminibus
936 2247 1109 2334 pelagique
1126 2246 1310 2332 gurgitibus

111 2351 304 2416 immodicos
327 2351 449 2416 riuulos
472 2354 593 2436 pariter
616 2351 773 2416 diriuator
795 2354 980 2437 pariterque
1008 2353 1101 2416 extiti
1129 2350 1306 2416 breuiator.

112 2455 303 2520 amadan
325 2456 367 2520 ist
388 2477 449 2519 vora
472 2455 558 2520 et'aer
579 2455 683 2519 Haud
704 2479 728 2518 a.
752 2455 803 2518 XI
819 2479 865 2519 aa.
887 2455 1102 2542 binsuqefr'tqt:
1129 2456 1161 2522 1.
1187 2455 1234 2519 VI
1258 2443 1310 2519 115

113 2559 201 2645 Sept
218 2561 375 2625 nativitas
398 2569 531 2624 sanctae
551 2559 674 2625 Mariae
698 2560 889 2644 genealogia
912 2563 1012 2624 nostri
1029 2559 1147 2624 Christi
1172 2561 1220 2645 (.)
1245 2581 1309 2624 sec.

114 2663 308 2746 Mambouta,
331 2665 397 2728 arrd
420 2663 705 2728 001ιοί7181·Ηοηά
727 2687 751 2727 a.
769 2663 847 2728 XII:
871 2665 905 2731 2.
930 2663 1057 2729 Omelia
1080 2687 1122 2728 ex
1138 2662 1260 2729 Comm.
1278 2663 1309 2727 b.

114 2767 309 2852 Hieronymi
335 2767 443 2854 presb.
468 2768 532 2854 (,In
555 2767 642 2833 Isaia
664 2767 794 2852 legitur‘
821 2767 894 2853 dc.)
925 2769 1011 2849 ‚Non
1041 2789 1119 2853 ergo
1150 2772 1310 2854 putemus‘

115 2872 181 2956 (26,
197 2873 270 2956 21).
310 2871 449 2958 Daroof
459 2871 546 2957 f⁰l9t
568 2873 628 2936 das
650 2872 825 2957 cipootlicbe
848 2871 1027 2936 Homilior:

218 2975 254 3044 3.
279 2976 426 3060 Epistola
451 2997 548 3060 grece
577 2975 675 3041 latine
702 2978 899 3061 supermissa
927 2976 1046 3041 dicitur
1074 2977 1213 3062 (Hopmo
1237 2980 1309 3054 117,

115 3081 205 3158 362).
297 3081 329 3146 4.
362 3079 511 3145 Dicendo
543 3082 630 3145 enim
659 3080 854 3146 multifariae
884 3090 917 3144 et
948 3080 1057 3146 multis
1088 3081 1191 3146 modis
1223 3081 1309 3165 (Jolr.

119 3181 275 3268 chryson.
295 3182 407 3248 Corum.
423 3184 457 3246 io
480 3183 541 3269 Ep.
557 3185 600 3248 cd
624 3184 718 3248 Hebr.
734 3207 773 3249 es
795 3207 873 3249 uera.
897 3185 1053 3266 Mutiuoi;
1073 3196 1162 3271 potr.
1187 3207 1234 3272 qr.
1258 3187 1310 3264 63,

116 3289 205 3370 407).
292 3289 327 3356 b.
351 3287 537 3374 Stephanus
560 3309 657 3372 grece
678 3288 778 3355 latino
801 3298 973 3354 coronatus
996 3289 1114 3354 dicitur
1137 3290 1243 3374 (Beda
1258 3292 1311 3368 92,

117 3393 206 3470 056).
285 3391 319 3458 b.
337 3391 508 3472 Quomodo
529 3391 709 3457 secundum
733 3391 950 3459 substantiam
973 3393 1053 3458 deus
1077 3394 1182 3459 bonus
1206 3393 1310 3476 (Hier.

118 3497 167 3572 26,
191 3497 285 3579 445).
376 3496 407 3566 7.
431 3496 607 3582 Postquam
635 3499 720 3560 enim
745 3497 905 3562 Dominus
927 3499 1024 3564 Jesus
1047 3499 1243 3583 significavit
1255 3499 1311 3584 (7).

117 3601 148 3667 8.
180 3599 298 3684 Agnus
329 3598 476 3664 Christus
507 3599 548 3664 de
579 3621 642 3685 quo
672 3601 835 3666 Iohannes
863 3605 908 3667 ait
920 3603 977 3687 (1).
1066 3604 1100 3670 9.
1130 3603 1202 3667 Non
1232 3602 1312 3666 dicit

117 3715 208 3768 tuum
235 3725 375 3789 puerum
402 3725 507 3790 neque
521 3705 576 3786 (7).
667 3706 720 3773 10.
749 3706 813 3769 Hic
841 3709 946 3790 gratia
973 3706 1132 3791 evangelii
1161 3706 1239 3771 dicit
1252 3709 1310 3791 (7).

118 3807 172 3873 11.
195 3807 452 3872 Circumciditur
474 3811 581 3893 itaque
604 3831 686 3894 puer
710 3809 909 3893 (Ambrosius
934 3812 967 3873 io
992 3811 1108 3875 Laecam
1131 3813 1310 3896 15,1572).

120 3911 173 3978 12.
201 3909 391 3978 Secundum
420 3919 567 3998 coeptam
595 3915 869 3998 comparationem
883 3915 941 4000 (1).
1032 3915 1087 3982 13.
1116 3915 1180 3978 Hic
1207 3915 1312 3980 Maria

120 4015 258 4098 figuram
275 4016 506 4101 Sinagogeffl).
571 4017 628 4084 14.
644 4015 784 4082 Pulchre
800 4027 909 4082 autem
926 4019 1043 4083 dieitur
1067 4018 1234 4083 bachleem
1248 4021 1309 4105 (7).

120 4119 172 4188 15.
195 4118 280 4184 Cum
309 4121 458 4205 superius
484 4120 647 4184 docuisset
672 4121 836 4208 apostolus
866 4122 1041 4208 (Oriqenas,
1073 4135 1159 4208 potr.
1183 4147 1228 4206 pr.
1260 4127 1310 4203 14,

124 4225 232 4310 1202).
324 4225 380 4292 lo.
409 4223 495 4305 Quia
522 4228 690 4291 nativitate
720 4229 818 4291 immo
846 4251 866 4292 a
890 4229 1100 4313 conceptione
1126 4227 1231 4312 (Beda
1255 4231 1310 4308 92,

120 4329 209 4412 348).
301 4327 356 4395 17.
380 4327 451 4392 Nou
480 4351 522 4392 ex
549 4339 658 4395 nostro
682 4330 739 4395 sed
764 4353 806 4394 ex
834 4332 983 4396 donantis
1006 4331 1126 4417 pendet
1149 4332 1311 4417 (Pelopiae

121 4435 171 4507 30,
191 4433 282 4516 701).
365 4433 420 4499 18.
444 4431 526 4516 N<ec
549 4441 657 4520 uacat>
680 4457 700 4499 a
722 4437 877 4521 mysterio
901 4436 987 4521 quod
1012 4435 1064 4499 dis
1087 4438 1181 4501 tertio
1204 4436 1311 4520 (Bada

123 4539 171 4610 02,
191 4537 283 4612 667).
374 4537 430 4602 19.
455 4535 518 4616 Qui
543 4539 603 4602 sibi
632 4541 692 4624 ipsi
716 4540 861 4624 prudens
884 4563 955 4604 esse
978 4541 1109 4605 videtur
1133 4543 1310 4626 (Oriyaues,

123 4651 202 4724 potr.
229 4663 278 4724 pr.
307 4642 357 4716 14,
386 4643 497 4725 1222).
587 4643 645 4710 20.
675 4643 769 4722 Quod
802 4645 881 4709 dicit
908 4648 1027 4710 nemini
1055 4646 1228 4730 quicquam
1258 4645 1311 4709 de·
