3246 5474
116 464 363 538 (cels-4819)
593 475 684 518 cxxix.
699 475 840 528 sussum.
1272 463 1314 528 55

115 675 137 718 a
152 652 274 718 femina
289 649 347 716 ὥσ.
373 649 602 737 (Augustini
623 648 657 716 S.
673 651 754 732 104,Ι
776 651 829 734 38,
845 652 936 733 616).
993 653 1050 722 26.
1074 653 1312 742 Hieronymi.

117 758 232 844 Lupos
255 754 378 823 scribas
401 766 434 821 et
456 756 622 842 phariseos
644 765 741 822 uocat
762 755 820 822 ὥσ.
903 756 960 824 26.
982 757 1147 825 Eiusdem.
1172 758 1315 840 Quidam

116 862 409 928 ecclesiasticorum
437 862 653 948 interpretum
684 882 798 928 causas
828 863 956 948 quaerit
985 860 1044 929 ὥσ.
1132 863 1189 932 27.
1216 865 1315 932 Dicta

117 967 151 1034 S.
167 966 390 1052 Augustini.
414 965 486 1032 Nisi
508 967 581 1053 quis
603 973 735 1032 renatus
757 965 856 1032 fuerit
878 966 984 1032 denuo
999 965 1059 1032 ὥσ.
1077 967 1168 1054 (Jot.
1182 970 1214 1052 3,
1225 970 1273 1054 3).

118 1071 177 1139 28.
201 1071 253 1136 De
270 1081 419 1157 serpente
440 1069 594 1136 exaltatio
619 1069 791 1156 (serpentis
812 1069 1009 1138 exaltatione
1024 1094 1065 1137 m.
1076 1073 1108 1156 2)
1129 1073 1314 1162 Hierony·

117 1197 209 1241 mus.
234 1175 326 1242 Sicut
344 1173 507 1240 exaltatus
527 1183 577 1240 est
591 1196 725 1261 serpens
740 1172 799 1240 ὥσ.
879 1175 937 1242 29.
953 1176 1053 1242 Dicta
1072 1176 1105 1242 S.
1121 1178 1313 1262 Agustini.

120 1279 288 1368 Numquid
309 1301 411 1346 unum
434 1289 511 1346 sunt
531 1279 675 1364 agricola
697 1289 730 1346 et
751 1281 826 1346 uitis
849 1277 907 1346 ὥσ.
996 1281 1053 1350 30.
1077 1281 1313 1370 Hieronymi.

120 1385 219 1466 Quod
241 1406 338 1472 saepe
360 1387 471 1450 monui
494 1387 680 1451 etiamnunc
702 1383 941 1452 obseruandum
964 1397 1012 1450 est
1031 1384 1089 1450 ὥσ.
1156 1389 1210 1454 31.
1226 1388 1314 1454 Gre·
1375 1379 1376 1382 ¹

117 1491 229 1576 gorii.
253 1489 288 1556 Si
304 1488 555 1574 consideremus,
579 1491 696 1555 fratres
711 1490 874 1554 karissimi
890 1489 949 1556 ὥσ.
967 1486 1063 1572 (dom.
1078 1490 1138 1570 37;
1163 1492 1212 1573 76,
1228 1491 1315 1556 1275

117 1625 162 1650 =
177 1595 259 1659 tom.
275 1594 314 1659 de
328 1591 362 1658 S.
378 1592 523 1680 LXXIO.
588 1595 646 1664 32.
667 1593 832 1661 Eiusdem.
857 1593 943 1675 Quia
958 1593 1084 1680 longius
1100 1593 1142 1660 ab
1157 1596 1239 1662 urbe
1254 1595 1313 1661 ὥσ.

117 1700 216 1784 (horr.
236 1699 296 1780 35,ι
320 1700 369 1784 76,
390 1699 477 1765 1259
498 1729 542 1754 =
565 1700 645 1764 amn.
662 1697 701 1764 de
719 1696 752 1764 S.
768 1697 913 1785 LXXX).
1022 1699 1079 1767 33.
1118 1699 1313 1784 Agustini.

118 1805 213 1871 Haec
243 1804 362 1870 mando
393 1803 485 1870 uobis
509 1814 545 1871 ut
567 1804 709 1888 diligatis
739 1805 879 1870 inuicem
902 1802 960 1868 ὥσ.
993 1804 1125 1870 Maneat
1154 1827 1231 1891 crgo
1254 1805 1313 1873 ὥσ.

120 1909 189 1996 (36,
207 1908 341 1995 18621).
423 1910 480 1977 34.
505 1910 696 1995 Gregorii.
720 1908 877 1991 Audistis,
900 1909 1018 1974 fratres
1040 1909 1214 1993 karissimi,
1238 1913 1314 1998 quia

118 2015 164 2080 sd
186 2017 282 2080 unius
304 2015 454 2080 iussionis
476 2011 535 2078 ὥσ.
562 2012 658 2098 (dom.
673 2014 712 2094 5;
737 2013 786 2097 76,
802 2014 888 2078 1093
910 2043 953 2067 =
975 2012 1111 2080 demde
1133 2011 1166 2079 S.
1182 2013 1247 2102 II).

117 2120 175 2188 36.
192 2119 384 2204 Agustini.
408 2118 596 2185 Secundum
614 2119 676 2184 hoc
694 2117 782 2200 dicit,
799 2118 884 2205 quod
903 2128 952 2184 est
971 2129 1069 2204 caput
1088 2117 1243 2185 ecclesiae
1255 2119 1314 2187 ὥσ.

117 2224 177 2293 36.
194 2224 385 2309 Gregorii.
409 2221 496 2306 Quia
516 2224 665 2290 dominus
680 2245 718 2289 ac
733 2224 921 2310 redemptor
939 2232 1049 2289 noster
1064 2220 1121 2290 ὥσ.
1143 2223 1239 2309 (donn
1256 2227 1316 2308 32,-

119 2330 173 2412 76,
189 2329 276 2392 1232
297 2359 340 2382 =
363 2329 443 2393 dom.
460 2326 500 2392 de
521 2327 555 2394 S.
571 2327 751 2415 LXXVII).
815 2328 870 2397 37.
893 2328 1129 2415 Hieronymi.
1154 2329 1315 2396 Dominus

117 2433 161 2499 ad
185 2444 339 2500 montana
362 2434 550 2500 conscendit
572 2431 631 2499 ὥσ.
718 2433 775 2502 38.
800 2433 990 2520 Gregorii.
1019 2435 1132 2501 Sancti
1154 2434 1315 2520 euangelii

116 2538 237 2605 fratres
259 2538 424 2604 karissimi
447 2537 555 2604 breuis
578 2549 628 2605 est
649 2538 744 2604 lectio
767 2541 902 2604 recitata
926 2537 1021 2624 (hom.
1037 2540 1075 2622 3,·
1097 2541 1149 2623 76,
1165 2540 1251 2604 1086
1273 2569 1317 2594 --

117 2643 200 2708 hom.
217 2642 255 2706 de
277 2641 310 2708 S.
326 2642 494 2728 XXXIV).
575 2644 633 2712 39.
657 2642 826 2710 Maximi.
851 2643 940 2708 Dum
962 2644 995 2708 in
1019 2651 1085 2709 toto
1107 2644 1230 2710 mundo
1254 2647 1316 2710 uir·

116 2751 234 2833 gineus
257 2748 316 2814 dos
339 2746 397 2814 ὥσ.
431 2746 527 2831 (dom.
543 2749 597 2830 57,
613 2749 677 2812 643
700 2779 742 2802 =
764 2749 846 2814 dom.
870 2746 909 2811 de
930 2746 964 2811 S.
980 2747 1029 2832 I).
1120 2749 1175 2816 46.
1199 2748 1314 2814 Beda.

116 2853 283 2919 Uirtutem
313 2853 406 2919 nobis
436 2853 601 2938 perfectae
632 2852 812 2918 dilectionis
835 2851 894 2917 ὥσ.
927 2852 1023 2936 (hom.
1040 2850 1085 2935 II,
1102 2853 1160 2932 15;
1181 2853 1234 2930 94,
1251 2854 1315 2918 214

117 2988 163 3012 =
178 2959 259 3023 hora.
275 2957 314 3022 de
329 2955 361 3022 S.
378 2956 521 3044 XXIII).
587 2959 644 3024 4l.
663 2958 832 3024 Maximi.
849 2955 1105 3023 Gloriosissimos
1120 2955 1314 3023 christianae

117 3062 197 3128 fidei
219 3065 381 3150 principes
404 3061 462 3128 ὥσ.
488 3061 585 3148 (dom.
602 3064 661 3143 68,·
681 3063 735 3142 57,
750 3063 814 3126 391
837 3091 881 3114 =
903 3062 984 3126 Item.
1001 3059 1039 3124 de
1062 3058 1095 3125 S.
1111 3060 1265 3149 XXXII).

117 3168 176 3236 42.
193 3167 293 3236 Cuius
309 3189 416 3255 supra.
433 3166 612 3254 Apostolici
627 3165 743 3232 natalis
757 3166 877 3251 gaudio
892 3163 951 3230 ὥσ.
973 3165 1070 3250 (dom.
1085 3167 1145 3246 69,·
1158 3167 1211 3251 57,
1223 3167 1313 3252 397).

117 3274 174 3342 43.
197 3272 337 3338 Bedae.
361 3273 460 3340 Notet
483 3282 591 3339 autem
615 3270 744 3338 dilectio
765 3281 875 3337 uestra
896 3268 954 3336 ὥσ.
1042 3273 1099 3338 44.
1122 3271 1313 3356 Agustini.

119 3378 227 3444 Amen
238 3379 343 3465 inquit
355 3376 427 3442 dico
440 3376 533 3444 uobis
549 3374 607 3443 ὥσ.
663 3375 721 3443 45.
741 3375 932 3460 Agustini.
957 3374 1029 3440 Hoc
1045 3384 1094 3440 est
1105 3386 1315 3463 praeceptum

118 3504 229 3548 meum
252 3481 304 3566 (ia
317 3481 393 3546 Jot.
409 3503 452 3546 cv.
469 3482 575 3565 83‚,2;
596 3479 778 3566 35,1852).
858 3479 915 3546 46.
932 3478 1051 3561 ¹Sermo
1065 3478 1227 3546 Ioannis
1251 3482 1315 3567 epi·

118 3589 217 3674 scopi.
246 3587 322 3653 Heu
343 3609 396 3651 me
424 3586 502 3674 quid
526 3607 621 3672 agam
644 3583 703 3650 ὥσ.
729 3585 826 3670 (tom.
848 3583 885 3648 de
908 3582 941 3651 S.
961 3583 1013 3670 L).
1100 3585 1156 3651 47.
1187 3585 1315 3650 Bedae

118 3691 274 3778 Legimus
309 3690 487 3778 apostolum
523 3689 685 3756 dicentem
719 3691 797 3777 quia
827 3711 938 3755 omnes
968 3687 1027 3754 ὥσ.
1059 3687 1155 3774 (dom.
1183 3689 1229 3773 II,
1256 3691 1315 3770 22,·

117 3797 172 3880 94,
187 3796 253 3860 249
274 3827 318 3850 =
340 3797 421 3861 tom,
438 3795 476 3859 de
498 3793 532 3860 S.
548 3794 626 3880 LV).
693 3793 751 3862 48.
775 3794 889 3861 Sermo
911 3793 942 3858 b.
959 3793 1144 3880 Sarapionis
1168 3791 1210 3858 de
1233 3793 1315 3860 VIII

118 3904 207 3967 vitiis
237 3900 477 3989 principalibus.
523 3901 561 3966 In
592 3900 645 3966 illo
673 3910 767 3984 coetu
793 3902 1091 3987 antiquissimorum
1118 3921 1232 3966 senum
1255 3898 1313 3964 ὥσ.

119 4005 324 4091 (Cassiani
347 4003 489 4071 Collatio
510 4007 532 4069 5
539 4028 551 4086 ,·
572 4005 625 4090 49,
642 4005 731 4089 609).
763 4004 824 4068 Am
846 4003 996 4069 Scitum
1019 4003 1269 4089 ancellstdadip.

1208 4117 1292 4173 4818

226 4225 276 4283 18.
298 4239 350 4294 aa,
373 4239 398 4281 s.
414 4213 491 4280 XII.
524 4213 619 4300 (liber
640 4214 872 4281 monachorum
895 4237 921 4280 s.
945 4214 1068 4279 Mariae
1091 4215 1125 4277 in
1147 4213 1314 4279 himerode

118 4320 241 4388 ordinis
255 4319 310 4409 [1]
332 4323 547 4389 cisterciensis
567 4325 677 4388 treuei
692 4319 770 4408 [7]).
794 4319 911 4387 Glossa
933 4341 1031 4405 super
1052 4319 1187 4385 Lucam.

1207 4432 1290 4488 4819

226 4541 276 4595 15.
299 4529 527 4616 Schmulfolio,
545 4552 598 4613 m.,
614 4553 638 4594 a.
655 4529 738 4594 VIII
757 4527 956 4616 (longobard.
975 4524 1128 4614 Schrift).
1159 4525 1238 4613 Auf
1254 4526 1314 4590 den

119 4634 385 4701 Versetzbldttero
417 4635 456 4721 (s.
473 4634 557 4721 IXi)
592 4635 726 4721 explicit
755 4634 875 4699 iiberI
908 4655 1002 4698 amen
1033 4634 1145 4718 incipit
1177 4631 1259 4697 iiber
1283 4633 1313 4696 11
