3250 5488
322 479 364 543 60
818 497 832 539 r.
851 497 1020 539 corrosanum.
1315 485 1521 570 (aso-291)

321 672 356 738 2.
384 672 505 757 Incipit
530 672 614 737 liber
644 673 788 738 eiusdem
817 673 858 738 de
885 674 1107 740 mansionibus
1130 675 1268 742 filiorum
1291 675 1429 743 Israelis.
1478 676 1521 740 In

322 778 561 860 septuagesimo
586 787 678 842 sexto
701 777 827 863 psalmo
852 779 919 860 (22,
936 777 1029 864 698).
1118 780 1151 848 3.
1176 780 1295 866 Incipit
1320 782 1466 867 prefaoio
1493 802 1521 843 s.

320 879 477 944 Jeronimi
510 883 541 944 in
572 880 690 948 librum
722 882 763 946 de
791 880 870 946 locis
898 881 940 970 [in
965 881 1098 970 Genesi]
1126 885 1193 965 (23,
1213 886 1304 966 859).
1351 885 1521 950 Eusebius

321 985 375 1069 qui
399 1007 419 1048 a
442 984 539 1050 beato
558 984 739 1071 Pamphilo.
822 989 855 1053 4.
879 986 999 1072 Incipit
1022 985 1161 1073 prefatio
1185 988 1331 1053 eiusdem
1353 988 1395 1054 de
1417 991 1521 1054 inter-

321 1090 507 1175 pretacione
537 1092 704 1155 nominum
734 1089 939 1156 hebreorum.
992 1090 1085 1154 Philo
1118 1093 1168 1155 vir
1201 1091 1430 1158 disertissimus
1464 1093 1521 1157 Iu-

318 1192 455 1257 deorum
468 1195 536 1277 (23,
551 1194 640 1279 771).
707 1195 741 1262 5.
766 1194 886 1280 Incipit
908 1193 992 1258 liber
1014 1194 1161 1260 eiusdem
1184 1195 1225 1260 de
1249 1196 1411 1262 hebraicis
1435 1219 1519 1283 que-

321 1298 480 1362 stionibus
505 1296 667 1362 Samuhel.
707 1299 783 1362 Fuit
806 1300 855 1362 vir
877 1320 960 1362 nnus
984 1298 1024 1362 de
1047 1299 1255 1364 Ramathaim
1278 1300 1413 1386 Sophim
1444 1302 1519 1386 (23,

323 1402 428 1482 1329).
509 1403 543 1469 6.
567 1402 687 1489 Incipit
709 1401 792 1466 liber
815 1401 960 1466 eiusdem
985 1402 1025 1467 de
1049 1402 1210 1467 hebraicis
1233 1403 1457 1489 questionibus
1484 1405 1520 1467 in

321 1505 600 1590 Paralipomenon.
645 1505 685 1570 In
709 1504 824 1570 diebus
848 1507 916 1570 eius
939 1505 1045 1570 divisa
1068 1515 1117 1570 est
1140 1507 1334 1593 (23,1365).

425 1609 457 1677 7.
481 1610 602 1695 Incipit
629 1608 781 1696 prologus
812 1608 885 1675 libri
918 1608 959 1673 de
988 1612 1199 1675 sacramentis
1226 1610 1268 1676 ab
1292 1612 1389 1676 inicio
1411 1633 1521 1697 usque

321 1711 362 1775 ad
393 1713 491 1778 linem
521 1715 552 1776 in
583 1735 680 1777 sinam
713 1714 829 1778 seriem
857 1712 1030 1800 dispositis.
1076 1713 1214 1780 Librum
1238 1714 1278 1778 de
1303 1717 1520 1780 sacramentis

322 1816 503 1881 Christiane
526 1816 603 1882 fidei
628 1816 735 1882 studio
758 1818 962 1904 quorundam
986 1817 1129 1885 scribere
1153 1817 1339 1907 compulsus
1361 1819 1418 1886 dc.

767 2008 869 2065 rans.
894 2011 913 2064 s
938 2001 1064 2086 (asae).

560 2103 603 2156 lol.,
621 2118 656 2156 m..
674 2103 688 2149 2
704 2102 757 2158 ool,
774 2119 791 2148 s.
804 2102 846 2150 XV
858 2103 921 2162 (uacb
939 2104 977 2151 Th.
990 2103 1071 2164 Hardy
1087 2104 1103 2158 1,
1116 2105 1159 2150 647
1177 2120 1193 2150 s.
1206 2105 1275 2165 xlv).

425 2209 603 2272 Zadlreiclze
619 2208 779 2294 Lepeuden
802 2209 968 2293 enpllsclser
986 2209 1138 2296 Hedipen,
1163 2209 1325 2274 baeorsders
1346 2210 1413 2297 asts
1425 2209 1518 2275 Gurt-

321 2314 424 2377 bertua
447 2313 513 2376 aad
535 2312 637 2376 Beda
661 2313 823 2399 bezttpls'cls.
868 2313 934 2399 Vpl.
959 2314 1009 2377 die
1034 2314 1145 2378 Stttclce
1176 2314 1310 2398 (Bedo'a
1337 2315 1519 2400 prosalsclre

329 2417 397 2480 Vita
427 2417 459 2482 S.
486 2415 659 2497 carthuse
689 2419 740 2494 94,
770 2419 848 2498 729)
878 2419 953 2498 647,
984 2419 1058 2496 737,
1088 2420 1161 2496 744,
1188 2420 1252 2482 754
1284 2418 1416 2503 (Bedae
1447 2421 1519 2482 vita

321 2521 353 2585 S.
378 2520 549 2585 Cuthberti
573 2523 722 2594 metrice;
754 2524 805 2594 94,
832 2523 924 2604 575),
951 2525 1026 2600 755,
1051 2524 1124 2600 756,
1152 2524 1224 2600 759,
1253 2524 1330 2601 765,
1354 2525 1427 2600 773,
1451 2525 1519 2587 940

322 2626 450 2710 (Bedae
467 2627 554 2690 vitae
571 2623 658 2690 Abb.
676 2624 1000 2707 Wiremutbensium3
1024 2627 1076 2704 94,
1094 2627 1183 2712 711),
1207 2628 1285 2703 985,
1301 2629 1366 2691 994
1382 2627 1518 2710 (latitu-

321 2729 395 2794 latio
412 2729 642 2814 opusculorum
655 2730 783 2814 Bedae)
801 2729 867 2793 ursd
883 2732 947 2794 995
963 2730 1010 2794 bei
1026 2730 1148 2817 Hordy.
1174 2732 1234 2795 Die
1249 2753 1329 2814 ponz
1344 2731 1516 2794 cssbraoels-

321 2835 395 2897 bore
410 2834 648 2920 biloltsoupobe
664 2837 696 2898 s'u
712 2835 772 2898 den
791 2833 871 2900 Cau.
890 2834 983 2920 Acyl.
1000 2845 1028 2899 et
1044 2834 1118 2899 Hit.
1136 2836 1318 2900 verzeicbnct
1338 2836 1518 2900 ousserdem

322 2939 410 3002 anesi
427 2937 533 3002 Sermo
549 2940 586 3002 de
602 2950 667 3002 octo
684 2939 954 3003 tabernaculorum
969 2939 1098 3003 diversis
1114 2940 1283 3024 peceribus.

762 3121 865 3177 rain.
891 3125 931 3176 12
955 3119 1077 3195 (asso).

671 3216 713 3266 lol..
731 3233 767 3271 m..
785 3217 798 3262 2
815 3216 867 3268 Col..
884 3231 900 3262 a.
913 3216 955 3262 ΧΠ
971 3215 1061 3276 (Hardy
1078 3216 1094 3272 I,
1106 3217 1167 3276 974).

426 3324 458 3389 1.
488 3321 593 3388 Beda
624 3321 664 3385 de
690 3325 790 3406 gestis
821 3320 988 3406 anglorum
1023 3321 1090 3406 (95,
1114 3323 1154 3384 21
1156 3325 1183 3402 ).
1280 3323 1315 3390 2.
1344 3322 1517 3386 Transitus

324 3426 433 3491 Redae
456 3447 514 3511 per
537 3426 794 3490 Cutbbertum
819 3425 950 3510 (Hordp
973 3425 1106 3507 1996).

232 3621 290 3675 291
762 3607 863 3664 Fairf.
890 3610 928 3663 17
954 3601 1077 3685 (3897).

824 3705 864 3752 8⁰.
883 3720 917 3754 nr..
935 3703 1012 3749 exn.

426 3810 458 3875 1.
483 3809 674 3873 *Sententia
702 3807 734 3872 S.
759 3809 955 3873 Ambrosii
986 3808 1026 3872 de
1054 3809 1198 3873 amicitia
1226 3806 1325 3890 ,Nihil
1356 3808 1516 3872 honestati

321 3913 571 3998 praeferendum
587 3917 646 3975 est‘
664 3913 735 3996 (oua
750 3913 788 3976 de
804 3912 905 3998 offic.,·
923 3914 973 3990 16,
991 3911 1102 3997 1110)*
1169 3912 1203 3979 2.
1220 3911 1392 3976 Nicodemi
1407 3912 1515 3976 Evan-

324 4017 443 4100 gelium
470 4017 544 4100 (apl.
571 4015 643 4080 Cod.
665 4017 755 4101 284).
845 4017 878 4084 3.
903 4016 953 4079 De
978 4018 1163 4080 inventione
1187 4018 1293 4079 crucis
1316 4037 1376 4100 per
1398 4016 1431 4080 S.
1453 4017 1516 4080 He·

321 4120 437 4184 lenam.
519 4123 554 4186 4.
579 4120 783 4184 Lamentatio
807 4119 1017 4205 G<ervacii>
1041 4119 1182 4184 Abbatis
1204 4119 1260 4202 <de
1277 4119 1395 4204 Pareo>
1418 4141 1517 4206 quam

322 4224 400 4288 fecit
422 4224 517 4310 paulo
542 4234 717 4309 antequam
741 4233 927 4288 moreretur.
964 4223 1149 4288 Recordare
1173 4225 1270 4288 miser
1293 4223 1388 4289 bomo
1411 4245 1517 4289 recor·

323 4328 400 4392 dare
425 4339 456 4392 et
479 4328 543 4391 noli
567 4326 720 4391 oblivioni
737 4326 866 4391 tradere
882 4337 1019 4412 quantas
1037 4329 1272 4414 occupaciones
1298 4327 1450 4392 habuisti.

322 4433 378 4499 *5.
406 4431 525 4516 Incipit
560 4431 730 4495 duodecim
767 4433 860 4495 sociis
896 4443 961 4496 toto
993 4453 1077 4496 anno
1110 4432 1301 4516 girantibus.
1354 4431 1392 4495 In
1420 4445 1516 4496 nocte

322 4535 437 4600 natalis
460 4536 580 4600 domini
604 4535 740 4600 lucifera
756 4557 820 4620 que
835 4536 892 4601 lux
909 4536 1089 4600 seculorum
1110 4547 1160 4600 est
1176 4547 1245 4600 orte
1265 4557 1322 4600 nos
1343 4535 1515 4600 duodecim

323 4640 400 4702 socii
423 4638 478 4703 (lc.
568 4641 602 4706 6.
629 4639 787 4705 Visiones.
