3198 5476
807 488 823 530 1.
838 483 965 531 murinus.
979 493 1012 532 rr.
1308 475 1517 560 (tet-500)

331 712 337 725 ·
420 767 754 852 commemora).
798 767 979 834 aXIVeae.
1018 767 1269 833 Eustriacum
1299 673 1519 834 allerlei4ld‘c·

316 877 436 951 carpteu
451 869 692 946 utedr'ciuiaclseu,
712 871 983 958 alckyrnrirtiaclren,
999 872 1253 938 kalendariacltoa
1268 874 1334 938 und
1347 875 1519 940 dltrrliclren

317 969 437 1035 lubults
460 973 537 1035 auci
562 971 709 1058 Sphaera
729 974 936 1060 Pythagorae
959 976 1025 1040 aad
1041 975 1188 1062 Sphaera
1204 977 1336 1062 Apuleii
1351 977 1519 1044 Platonici

321 1075 417 1160 (diere
439 1074 503 1162 anf
515 1075 578 1162 sol.
596 1079 642 1140 22
664 1078 850 1162 uoclrmalo).

1423 1196 1491 1252 498

420 1291 517 1349 Bodl.
543 1295 604 1349 181
631 1285 753 1372 (2081).
770 1287 845 1374 soi,
873 1311 925 1366 m.,
948 1311 972 1353 a.
990 1287 1127 1353 XlVeae.
1174 1291 1206 1358 1.
1232 1289 1422 1375 Aegidius
1446 1291 1518 1355 Ro·

229 1388 235 1401 ‘
318 1407 449 1452 manus
477 1387 518 1452 de
540 1391 697 1473 regimine
720 1392 904 1478 principum
929 1391 1042 1478 (Heia,
1067 1393 1230 1478 107199.)
1291 1393 1324 1461 2.
1350 1393 1517 1480 (Aristo-

317 1490 415 1576 telis)
446 1489 579 1558 Secreta
606 1491 812 1559 secretorum
840 1494 955 1578 (Heia,
979 1497 1165 1581 1799rqq.i.
1248 1497 1280 1564 8.
1305 1497 1345 1562 de
1372 1501 1516 1563 sanitate

316 1594 437 1658 tuenda
462 1594 535 1681 (apl.
564 1594 638 1663 Cod.
655 1599 737 1675 433,
760 1600 812 1681 3).
900 1600 934 1666 4.
961 1598 1037 1686 (fol.
1056 1602 1135 1686 120)
1158 1600 1341 1667 Aristotelis
1360 1601 1446 1667 liber
1468 1601 1516 1666 de

317 1718 412 1783 pomo
429 1698 523 1783 ,Cum
547 1699 659 1767 clausa
682 1710 768 1766 esset
789 1704 843 1768 uia
866 1701 1023 1768 ueritatis‘
1047 1703 1162 1787 (Heia,
1187 1704 1316 1790 17861).

1424 1817 1489 1874 ⁵00

419 1914 515 1972 Bodl.
545 1917 606 1972 186
634 1909 759 1996 (2088).
791 1912 836 1989 4⁰,
865 1933 920 1988 m.,
947 1911 1012 1975 196
1041 1910 1131 1997 soli,
1166 1913 1187 1976 2
1214 1909 1293 1995 Col,
1324 1935 1348 1976 a.
1373 1911 1459 1975 XIV
1476 1913 1515 1975 in

318 2008 420 2094 (XIII
436 2010 521 2095 ecl).
557 2012 590 2078 1.
614 2011 732 2098 Incipit
761 2013 913 2099 prologus
940 2016 974 2078 in
1001 2014 1083 2080 libro
1114 2016 1388 2082 hermeneuticon.
1422 2013 1514 2095 Quo

316 2115 404 2179 niam
427 2122 503 2179 sunt
528 2115 673 2181 nonnulli
700 2119 734 2182 in
762 2128 924 2184 conuentu
951 2119 1088 2183 fratrum
1115 2119 1170 2185 oe.
1217 2119 1277 2183 Die
1305 2121 1335 2182 2.
1362 2118 1514 2184 Columna

317 2217 379 2304 bap.
409 2217 529 2303 Incipit
555 2218 637 2285 liber
660 2219 907 2307 Expositionum
934 2224 1074 2307 partium
1105 2224 1224 2287 veteris
1247 2233 1280 2287 et
1307 2225 1381 2288 noui
1413 2233 1512 2288 testa·

316 2325 426 2388 menti.
449 2323 607 2408 Prologus
622 2325 800 2410 prolocutio
816 2324 1018 2412 prohemium
1033 2327 1158 2391 initium
1174 2327 1229 2392 dc.
1309 2328 1341 2394 2.
1359 2325 1429 2414 ffol.
1447 2329 1511 2408 84)

316 2425 435 2511 Incipit
456 2426 539 2492 liber
566 2428 763 2512 Fulgentii
798 2432 944 2516 episcopi
965 2431 1008 2496 ad
1031 2430 1213 2497 Calcidium
1240 2430 1281 2495 de
1308 2430 1512 2517 quibusdam

315 2530 508 2597 nominibus.
532 2533 583 2598 Ne
597 2533 665 2620 (de)
680 2543 808 2600 tuorum
823 2545 1053 2622 preceptorum
1065 2534 1121 2600 (io.
1139 2535 1318 2622 (Repositis
1332 2557 1510 2601 somonam

316 2633 547 2724 astipulationis
564 2661 607 2704 aa
636 2637 770 2702 Gerlach
797 2640 864 2704 arrd
888 2641 995 2704 liotlr’s
1021 2639 1167 2725 Auspcbe
1195 2641 1248 2705 des
1272 2640 1394 2705 Nonius
1418 2641 1510 2705 Mar·

315 2743 425 2823 callus,
456 2744 549 2809 Bascl
572 2747 686 2827 1842).
781 2747 815 2814 3.
841 2745 916 2832 (fol.
940 2747 999 2828 87)
1030 2745 1195 2832 Incipiunt
1225 2747 1512 2832 interpretationes

315 2848 439 2915 Echirii
469 2851 615 2936 episcopi
646 2851 687 2914 de
719 2850 904 2916 nominibus
936 2849 1099 2916 hebraicis
1129 2871 1169 2914 ac
1204 2852 1303 2914 uariis
1337 2849 1511 2915 uocabulis

316 2963 412 3040 atque
436 2957 636 3041 expositione
664 2977 771 3020 rerum
794 2953 997 3020 diuersarum
1019 2955 1061 3019 de
1084 2954 1268 3020 nominibus
1290 2953 1394 3020 hebri
1419 2953 1511 3018 Ado·

316 3080 382 3144 nay
404 3059 437 3123 in
461 3058 559 3124 latino
582 3059 744 3143 significat
772 3059 920 3124 dominus
952 3059 1145 3145 (Eucherii
1174 3058 1265 3122 lustr.
1295 3058 1346 3124 lib.
1371 3060 1412 3122 11
1418 3083 1430 3140 ,·
1453 3061 1511 3137 50,

315 3165 373 3226 811
370 3163 407 3246 ),·
423 3162 499 3250 (fol.
515 3164 591 3249 891)
610 3164 650 3227 de
666 3164 765 3229 uariis
780 3163 961 3228 uocabulis:
978 3162 1117 3228 Alleluia
1132 3165 1165 3227 in
1181 3161 1316 3228 latinum
1333 3161 1390 3248 (ib.
1406 3163 1491 3248 814)
1500 3175 1524 3244 ,·’

317 3266 394 3354 (fol.
416 3269 472 3353 90)
503 3266 543 3332 de
573 3270 748 3354 exposione
762 3269 804 3354 (1)
837 3267 1039 3332 diuersarum
1070 3289 1192 3332 rernm:
1224 3267 1445 3350 Mandragcra
1476 3269 1512 3332 in

317 3373 427 3454 genesi
444 3371 498 3456 (ib.
515 3373 614 3458 815);
631 3371 706 3459 (fol.
720 3374 777 3457 95)
792 3372 832 3438 de
847 3372 1057 3460 ponderibus.
1075 3371 1247 3437 Talentum
1263 3382 1312 3437 est
1326 3371 1424 3458 pond.
1438 3370 1510 3453 dtu,

317 3474 357 3540 de
373 3477 541 3541 mensuris.
559 3475 684 3542 Chorus
700 3486 750 3541 est
770 3477 822 3562 (ib.
839 3479 930 3561 821).
979 3478 1013 3544 4.
1032 3469 1107 3564 (fol.
1124 3477 1201 3560 961)
1229 3476 1270 3541 de
1286 3478 1393 3562 grecis
1407 3476 1511 3542 nomi-

316 3578 412 3644 uibus
424 3580 600 3646 admodum
611 3581 698 3646 utilis
710 3583 870 3668 expositio
882 3582 1055 3647 nouissime
1068 3582 1181 3667 posita.
1206 3581 1313 3646 Theos
1326 3580 1407 3646 deus
1417 3579 1475 3646 (stc.

315 3685 349 3753 5.
375 3685 451 3771 (fol.
469 3687 526 3763 96)
550 3686 722 3772 Accipiter
737 3688 828 3772 pipat
844 3709 945 3752 anuas
966 3687 1077 3751 trinnit
1100 3684 1154 3750 (ic.
1180 3685 1278 3750 Scit.-
1300 3707 1396 3754 ursus
1412 3686 1507 3750 seuit.

317 3789 336 3874 (
339 3789 426 3853 Voces
448 3791 683 3874 animantimo.;
705 3790 764 3877 apl.
788 3790 1032 3877 Rufferscheid’s
1046 3790 1216 3876 ¹Suetonius
1236 3815 1266 3876 p.
1280 3791 1441 3875 247app.)

317 3894 351 3960 6.
377 3893 452 3979 (fol.
470 3895 545 3980 961)
571 3893 661 3959 Cella
683 3895 810 3980 pinaria
824 3917 887 3961 non
903 3896 1040 3981 penuria
1062 3894 1238 3960 dicendum
1253 3893 1309 3960 (2ο.
1383 3893 1510 3978 1.(16.)

316 3998 480 4088 Incipiunt
503 3999 684 4064 differentis
706 3998 858 4064 similium
882 4001 1021 4085 partium
1046 4001 1198 4065 orationis
1221 4022 1241 4063 a
1262 3999 1454 4065 Cicerone
1477 4007 1512 4063 et

317 4104 359 4170 ab
382 4102 453 4169 aliis
477 4103 676 4190 sapientibus
698 4105 778 4169 uiris
800 4106 834 4169 iu
858 4125 955 4170 sensu
970 4113 1003 4168 et
1026 4104 1192 4170 literatura
1213 4125 1274 4190 per
1294 4101 1510 4190 alphabetum

317 4207 471 4294 disposite
494 4210 526 4272 in
552 4209 631 4293 (dies
645 4230 704 4272 oon
719 4218 859 4295 spdterer
874 4209 973 4274 Haud
997 4209 1241 4288 durcistm‘olreu)
1266 4209 1380 4294 incipit
1403 4207 1446 4274 dc
1466 4209 1506 4294 “ll

318 4310 394 4399 (fol.
412 4313 469 4395 97)
493 4312 583 4377 luter
605 4313 799 4379 absconsum
822 4321 855 4378 ot
876 4313 1103 4378 absconditum
1126 4311 1182 4376 dc.
1207 4311 1305 4378 Selii:
1327 4314 1510 4400 instaurare

316 4417 538 4502 redintegrare
561 4417 703 4504 explicit.
729 4416 803 4503 (apl.
828 4417 911 4482 Beck
933 4419 974 4481 im
999 4417 1111 4482 Aratio
1125 4417 1161 4506 f,
1185 4415 1239 4481 lot.
1262 4416 1425 4504 Lexicopr.
1447 4416 1510 4495 III,

317 4523 408 4604 549).
476 4524 510 4592 8.
536 4522 610 4610 (fol.
628 4523 725 4606 1231)
749 4523 791 4588 de
814 4523 900 4589 uitiis
922 4526 1077 4608 gentium.
1107 4521 1237 4588 Inuidia
1259 4522 1430 4588 iudeorum
1452 4519 1509 4588 dic.

320 4625 395 4713 (fol.
414 4629 493 4710 124)
519 4627 560 4694 de
577 4626 750 4693 uirtutibus
766 4649 888 4694 earum.
958 4629 993 4695 9.
1018 4626 1094 4714 (fol.
1111 4627 1189 4715 125)
1214 4627 1275 4692 hic
1287 4626 1370 4693 liber
1384 4627 1511 4714 primus
