3228 5478
700 407 765 450 xvn.
782 407 892 458 aaaron,
907 407 1020 450 otnero
1035 407 1128 460 aram.
1267 399 1523 470 (taos-tara)

1412 592 1500 647 4269

427 712 465 766 P.
482 713 512 767 8.
530 713 549 766 2
566 708 707 781 (17517).
734 704 781 767 clt.
799 714 828 766 et
843 727 895 786 m,
911 727 935 766 s.
949 703 1016 768 XV.
1034 703 1176 768 Collecta
1192 727 1235 768 ex
1259 707 1328 770 iure
1351 707 1523 768 canonico.
1594 715 1595 754 l

1412 869 1501 923 4270
1594 909 1595 916 ,

428 971 466 1026 P.
482 972 549 1025 &3
571 916 694 1039 (lm).
727 984 779 1043 na,
806 985 829 1027 s.
852 959 937 1026 XIV.
983 962 1111 1029 Tabula
1145 963 1305 1049 quaedam
1336 965 1456 1027 vitiosa
1488 967 1523 1028 in

325 1077 454 1132 sextum
484 1066 602 1131 librum
634 1065 870 1148 Decretalium,
906 1067 1130 1152 Repertorium
1161 1066 1380 1152 Chilingdoni,
1417 1067 1525 1130 forma
1594 1053 1595 1078 ³

326 1192 495 1256 processus
519 1172 550 1233 in
575 1171 710 1234 materia
742 1170 916 1254 electionis,
940 1171 1043 1235 forma
1075 1191 1242 1256 processus
1265 1172 1297 1235 in
1322 1192 1523 1256 quacunque

326 1297 424 1339 causa
447 1273 610 1358 delegata,
635 1273 746 1339 tabula
769 1275 929 1360 quaedam
960 1275 993 1338 in
1022 1276 1235 1359 repertorium
1265 1275 1344 1339 dicti
1378 1272 1524 1356 Chiliug·
1594 1289 1595 1374 J

327 1378 419 1442 donis
450 1398 548 1462 super
577 1376 805 1459 Clementinas,
836 1387 946 1443 textus
976 1375 1049 1442 libri
1078 1377 1372 1458 Clementinarum‚
1405 1378 1524 1441 Extra·
1594 1379 1595 1386 ³

327 1492 484 1567 vagantes
506 1481 652 1562 Joannis,
676 1480 938 1566 Extravagantes
955 1482 1112 1546 Bonifacii
1130 1481 1220 1564 VIII,
1244 1482 1402 1547 Definitio
1428 1504 1524 1566 quae·

327 1587 401 1651 dam
425 1585 582 1650 Bonifaeii
608 1585 699 1649 VIII.
723 1587 754 1648 in
779 1584 1006 1650 defunctorum
1028 1587 1232 1650 anatomiam.

1416 1699 1500 1754 4271

430 1821 468 1874 1³.
485 1822 515 1875 8.
531 1820 554 1872 4
570 1816 692 1889 (1732).
717 1833 768 1892 m,
792 1833 816 1873 a.
832 1809 909 1872 XII.
934 1809 1109 1894 Augustini
1133 1811 1296 1896 epistolae.
1328 1811 1394 1874 Die
1420 1821 1524 1874 ersten

327 1917 417 1980 aiod:
449 1914 503 1979 Ad
526 1914 753 1996 Volusianum,
790 1935 980 1998 responsum
1011 1913 1193 1996 Volusiani,
1224 1914 1266 1979 ad
1295 1914 1523 1990 Volusianum,

329 2019 507 2085 Marcellini
540 2017 582 2082 ad
606 2017 702 2102 Aug,
725 2016 768 2081 ad
791 2015 949 2099 Italicum,
977 2017 1019 2081 ad
1043 2017 1277 2100 Marcellinum,
1300 2017 1523 2101 Hieronymus

328 2124 369 2188 ad
393 2123 490 2208 Aug,
518 2144 707 2207 responsum
730 2121 931 2206 Hieronymi,
962 2120 1071 2206 Alypii
1099 2131 1131 2184 et
1157 2121 1332 2206 Augustini
1355 2121 1399 2186 ad
1424 2121 1523 2186 Aure-

328 2228 416 2308 lium,
441 2226 483 2291 ad
499 2225 749 2310 Longinianum‚
766 2225 969 2309 Responsum
982 2224 1187 2308 Longinum,
1210 2224 1253 2289 ad
1269 2226 1524 2309 Longiuianum,

330 2331 371 2395 ad
395 2330 616 2411 Bonefacium,
647 2328 774 2394 Paulini
804 2330 846 2394 ad
875 2329 1104 2412 Augustinum,
1135 2331 1261 2394 Paulini
1289 2331 1332 2394 ad
1356 2329 1521 2416 Alypium.

329 2437 393 2499 Die
417 2435 544 2498 lateran:
571 2433 625 2498 Ad
650 2434 852 2498 Honoratum
883 2436 1085 2519 episcopum,
1116 2434 1157 2498 ad
1182 2433 1341 2518 Italicum,
1374 2433 1417 2498 ad
1442 2435 1522 2499 Mar·

331 2539 492 2620 cellinum,
523 2538 564 2601 ad
588 2539 771 2622 Pringium,
802 2536 844 2600 ad
868 2537 1102 2620 Marcellinum,
1131 2538 1241 2603 Siliani
1267 2547 1299 2603 et
1321 2538 1460 2604 aliorum
1483 2539 1521 2602 ad
1594 2609 1595 2616 ἵ

332 2644 428 2727 Aug,
457 2641 500 2707 ad
523 2643 725 2706 Honoratum
749 2652 825 2722 tres,
856 2640 968 2726 Alypii
991 2651 1023 2706 et
1046 2642 1220 2726 Augustini
1243 2642 1284 2707 ad
1309 2644 1520 2722 Generosum,
1594 2697 1595 2712 ,

331 2745 386 2812 Ad
402 2747 544 2824 Festum,
569 2745 853 2810 Commonitorium
869 2744 911 2808 ad
929 2745 1207 2824 Fortunatianum,
1229 2746 1282 2810 Ad
1300 2745 1520 2828 Ecdicianum,
1594 2739 1595 2744 ¹

331 2851 373 2914 ad
396 2849 583 2931 Asellicum,
606 2848 647 2912 ad
672 2847 841 2913 Paulinum
865 2858 898 2912 et
919 2848 1119 2913 Therasiam.

1418 2963 1501 3016 4272

436 3085 473 3140 P.
490 3085 519 3138 8.
540 3083 560 3136 5
581 3080 704 3153 (1698).
729 3073 806 3158 fol,
837 3095 888 3156 m,
912 3095 936 3136 s.
953 3073 1047 3137 XIII.
1079 3073 1304 3159 Hieronymi
1336 3073 1520 3160 epistolae
1594 3065 1595 3120 ἶ

333 3179 479 3246 CXXIII
518 3177 617 3262 (noch
651 3177 740 3241 einer
775 3176 1009 3261 hoodschra'ftl.
1046 3175 1133 3240 Liate
1168 3177 1213 3240 im
1246 3177 1416 3263 Katulop).
1462 3177 1521 3240 Dic

332 3294 435 3348 ersten
457 3283 545 3345 tirtel:
576 3282 710 3346 Damasi
733 3281 774 3344 ad
799 3282 1044 3366 Hieronymum,
1070 3281 1259 3366 Hieronymi
1279 3281 1321 3346 ad
1344 3282 1520 3346 Damasum

333 3388 374 3452 de
396 3386 460 3452 VII
480 3385 632 3450 vindictis
662 3384 737 3471 (up.
753 3386 824 3469 36),
856 3385 1076 3470 Hieronymus
1103 3384 1143 3449 de
1171 3387 1356 3468 egressione
1387 3384 1520 3450 tiliorum
1594 3401 1595 3462 t

333 3489 433 3555 lsrael
463 3513 504 3554 ex
537 3488 688 3574 Aegypto
718 3487 822 3573 (787),
853 3488 905 3552 De
936 3490 1120 3573 ignorantia
1149 3488 1242 3552 Isaac
1268 3490 1301 3552 in
1332 3487 1519 3552 henedicon·
1594 3471 1595 3536 i

334 3595 384 3659 dis
413 3593 504 3676 filiis,
539 3594 591 3657 De
621 3603 761 3658 tractatu
792 3592 943 3678 Origenis
980 3594 1013 3656 in
1049 3591 1283 3678 epithalamicis
1318 3591 1519 3656 carminibus.

334 3697 397 3761 Dic
428 3695 557 3760 letztea:
588 3696 642 3761 Ad
670 3697 841 3782 Tyraeium
879 3695 920 3761 de
950 3705 1052 3761 morte
1087 3696 1173 3761 filiae
1203 3719 1280 3762 suae
1311 3695 1519 3762 consolatoria
1594 3695 1595 3706 ’

335 3800 435 3886 (App.
452 3799 519 3885 40).
555 3799 608 3864 Ad
630 3799 796 3866 Iulianum
820 3802 1016 3864 excitatoria
1040 3799 1081 3864 de
1102 3799 1291 3884 pignoribus
1314 3802 1381 3866 suis
1398 3800 1518 3885 (1183).

333 3905 387 3970 Ad
409 3903 544 3968 Paulam
567 3903 608 3967 de
629 3903 822 3968 ¹dormitione
844 3903 993 3969 Blesillae
1010 3901 1093 3989 (39).
1124 3903 1333 3988 Epitaphium
1356 3904 1386 3968 b.
1405 3904 1519 3969 Paulae

334 4009 400 4072 ab.
416 4006 582 4073 Jeronimo
605 4006 726 4071 editum
752 4007 855 4093 (108).
887 4005 941 4072 Ad
963 4006 1168 4072 Theodoram
1192 4007 1335 4092 Spanum
1358 4006 1398 4071 de
1422 4019 1519 4072 morte

335 4112 451 4175 Lucini
477 4111 559 4195 (75).
606 4109 660 4175 Ad
683 4110 850 4177 Oceanum
875 4110 915 4176 de
939 4121 1041 4175 morte
1064 4108 1219 4175 Fabiolae
1246 4111 1328 4195 (77).
1367 4110 1422 4175 Ad
1441 4111 1517 4176 Mar·

335 4215 447 4280 cellam
478 4214 518 4278 de
549 4216 641 4280 exitu
672 4216 760 4280 Leae
785 4214 866 4301 (23).
913 4214 966 4279 Ad
990 4213 1177 4279 Marcellam
1209 4214 1250 4279 de
1280 4213 1370 4280 obitu
1398 4226 1431 4280 et
1457 4217 1517 4280 uita

334 4319 463 4384 Asellae
493 4319 574 4404 (24).
621 4318 674 4383 Ad
701 4319 924 4384 Innocentium
958 4319 998 4382 de
1030 4320 1148 4403 septies
1180 4340 1334 4403 percussa
1362 4318 1395 4402 (1
1394 4320 1424 4403 ).
1469 4319 1516 4384 Ad

334 4424 529 4508 Principiam
558 4445 588 4486 v.
617 4423 659 4487 de
686 4425 753 4486 vita
784 4423 816 4488 S.
842 4421 1015 4488 Marcellae
1045 4420 1149 4507 (127).
1195 4421 1249 4488 Ad
1279 4423 1515 4488 Pammachium

335 4526 376 4590 de
399 4538 500 4591 morte
525 4527 679 4591 Paulinae
703 4527 785 4609 (66).
