3162 5476
79 495 261 582 reto-eso)
557 509 584 552 11.
601 509 749 552 mutunus.
975 520 977 526 ,
1225 493 1245 558 9

80 689 213 754 dunensis
233 687 311 752 dein
330 687 514 752 Hostiensis
536 687 681 776 episcopi
703 685 744 751 de
767 695 969 751 sacramento
993 686 1153 752 dominice
1175 708 1246 772 pes-

80 793 158 858 sionis
180 791 271 876 (166,
295 793 411 873 1515).
491 794 525 859 4.
548 788 614 876 fol.
639 789 712 855 75⁶:
741 789 860 878 Incipit
885 789 968 856 liber
990 791 1031 856 de
1054 792 1118 856 situ
1139 801 1245 856 terrae

80 894 345 964 lirosolimitsnee.
399 895 433 964 5.
452 893 514 982 fol.
534 895 577 960 81
583 897 611 959 ⁶.-
633 895 812 981 Responsio
835 893 1004 961 cuiusdam
1027 893 1069 960 sd
1084 893 1246 981 quendem

79 1001 253 1068 monachum
273 998 498 1064 cisterciensis
520 999 641 1065 ordinis
664 1002 719 1086 qui
742 1001 904 1086 quesierat
926 999 968 1067 ab
991 1021 1029 1064 eo
1052 1000 1129 1086 quid
1152 1002 1246 1084 signi·

80 1106 219 1172 ficetionis
241 1104 382 1170 mbeent
404 1103 460 1169 ille
482 1106 574 1188 signe
596 1125 659 1190 que
675 1126 735 1190 per
750 1102 935 1170 Samuelem
950 1103 1039 1171 Sauli
1054 1103 1247 1190 prophetata

80 1221 147 1276 suut.
217 1209 251 1277 6.
266 1207 330 1295 fol.
356 1211 427 1273 105.
444 1206 603 1296 Explicit.
627 1207 711 1288 ,soe
733 1231 775 1273 ue
797 1209 1010 1274 commentaire
1031 1230 1086 1272 eur
1108 1207 1248 1294 qrequues

76 1337 207 1404 passages
228 1313 264 1377 de
287 1312 417 1376 l’uueien
441 1319 623 1378 oestamertt!

1167 1427 1227 1484 975

166 1527 267 1606 ’futu
290 1524 337 1604 8⁰,
360 1545 410 1600 m„
433 1545 456 1588 s.
481 1521 567 1587 XIII.
614 1521 647 1588 S.
673 1521 884 1607 Gregorius
906 1521 1161 1608 Nyssenus(.)

1167 1637 1227 1692 976

166 1735 267 1814 'satu
313 1733 346 1799 1.
378 1729 481 1796 Gesta
503 1729 653 1795 Berisum
675 1741 708 1795 et
728 1729 886 1816 Iosephet
914 1729 1045 1815 (Me'pns
1068 1731 1179 1795 Patrol
1199 1753 1246 1816 pr.

80 1839 124 1914 96,
142 1837 216 1917 859;
236 1834 297 1921 epl.
323 1835 461 1900 Leros-e.
479 1833 602 1914 Hurtel,
625 1833 658 1900 S.
681 1837 772 1920 403).
854 1835 888 1902 2.
911 1835 1061 1900 Iuventio
1084 1834 1117 1900 S.
1142 1838 1248 1901 crucis

82 1941 115 2006 eb
135 1939 253 2006 Helene
274 1943 389 2025 regine
412 1939 506 2026 (fehlt
521 1943 623 2029 jetzt).

1168 2055 1228 2110 977

168 2149 314 2214 sesne
337 2149 482 2214 adventu
504 2150 636 2216 Domini
659 2171 716 2214 seu
739 2149 821 2214 liber
843 2148 884 2213 de
907 2150 1116 2237 temporibus.

899 2265 901 2270 ’
1167 2265 1229 2319 978

166 2363 270 2440 1859.
299 2360 346 2436 8⁰,
376 2381 427 2436 uu,
457 2383 481 2425 s.
512 2358 600 2422 XIII.
688 2360 721 2426 l.
754 2357 907 2423 Aurelius
937 2357 1177 2444 Augustinus
1207 2358 1249 2423 de

82 2464 209 2529 doctrine
230 2461 416 2528 Christiane
439 2464 506 2548 (34,
531 2465 598 2546 15).
686 2464 720 2531 2.
746 2463 917 2552 Scriptum¹
940 2462 1108 2528 cuiusdam
1139 2473 1250 2528 contre

83 2567 309 2655 reprehensores
333 2567 364 2632 b.
388 2568 574 2652 Augustini.
656 2567 690 2636 3.
714 2567 938 2632 Jeronimus
961 2567 1003 2631 ud
1025 2564 1250 2634 Marcellinum

83 2685 108 2736 et
128 2672 299 2758 Ansphieie
309 2671 348 2758 (1)
372 2670 413 2736 de
436 2673 545 2737 enims
568 2671 626 2756 (ep.
653 2672 731 2754 126;
754 2673 806 2751 22,
831 2673 940 2757 1085).
985 2675 1018 2739 4.
1042 2672 1126 2737 Item
1147 2673 1250 2739 Jero-

83 2779 186 2842 nimus
200 2777 242 2842 sd
254 2776 400 2864 Alipium
416 2785 448 2840 et
460 2776 680 2860 Augustinum
695 2775 887 2862 epischopos
906 2777 966 2862 (ep.
980 2777 1055 2858 143,·
1070 2778 1123 2855 22,
1137 2778 1248 2856 1181).

82 2883 107 2949 i.
128 2881 287 2966 Expositio
310 2880 387 2945 fidei
411 2879 443 2944 S.
466 2879 655 2945 Jeronimi
677 2880 719 2946 ed
743 2879 1026 2966 Augustinumffi).
1108 2881 1142 2948 6.
1166 2880 1249 2945 Item

82 2985 281 3050 ieronimus
311 2983 354 3050 sd
382 2983 627 3050 Pammachium
657 2983 698 3048 de
727 2987 846 3072 optimo
875 3005 994 3070 genere
1017 2983 1250 3070 interpretandi

84 3091 133 3175 (ep.
153 3091 207 3170 ὀ7,·
228 3091 284 3167 22,
307 3089 398 3172 568).
465 3089 498 3156 7.
523 3087 667 3176 Epistola
690 3088 901 3176 Epiphanii
924 3087 1013 3175 inri
1041 3091 1184 3175 episcopi
1207 3089 1249 3153 ed

82 3193 243 3257 Iohannem
267 3193 657 3280 constantinopolitanum
686 3218 707 3259 e
729 3193 760 3257 b.
791 3194 986 3259 Jeronimo
1009 3194 1208 3279 trenslete(
1242 3245 1248 3258 .

83 3301 195 3377 5111,
216 3301 308 3384 517).
339 3301 342 3308 ·

1169 3413 1230 3466 979

168 3511 271 3588 ’stoa
294 3509 339 3584 8⁰,
359 3530 410 3583 nu,
431 3529 455 3569 s.
472 3506 545 3570 XII.
569 3507 793 3571 Priscianus
817 3509 876 3590 (15
891 3505 1031 3588 Bttclter,·
1053 3505 1133 3590 hep:
1155 3505 1249 3589 ,Cum

84 3613 168 3674 omnis
189 3597 368 3696 eloquentie
390 3609 540 3676 doctrine
561 3609 656 3697 1111).
743 3683 745 3690 .

170 3829 338 3882 teu-880
360 3817 498 3885 Codices
521 3841 563 3884 ex
586 3820 731 3886 Abbatis
752 3819 785 3888 S.
810 3819 943 3888 Gisleni.

1170 3941 1231 3996 980

170 4030 272 4108 1888.
293 4027 370 4114 sol,
400 4052 451 4107 111,
472 4052 496 4093 s.
520 4029 574 4093 IX.
621 4030 828 4115 Augustini
852 4030 1065 4112 Quaestiones
1088 4032 1251 4101 CXXVII

86 4133 186 4195 veteris
216 4142 247 4196 et
275 4132 351 4196 novi
381 4134 564 4199 testamenti
589 4134 656 4219 (35,
680 4135 796 4210 2213).·
821 4134 881 4198 Am
905 4134 1044 4200 Schleuse
1066 4137 1116 4202 die
1145 4139 1251 4222 Veree:

268 4235 326 4318 ‚Ut
347 4237 491 4321 gaudere
513 4237 595 4304 solet
615 4237 721 4303 fessus
743 4241 808 4303 ism
829 4251 929 4305 neuta
952 4239 1062 4307 lebore

323 4341 516 4407 Desiderete
539 4341 594 4408 diu
616 4343 710 4408 litore
730 4355 830 4408 naute
839 4345 877 4430 (t)
900 4345 1023 4428 uidens,

268 4445 368 4510 Haud
390 4445 483 4510 aliter
505 4447 643 4533 scriptor
663 4451 764 4534 optati
785 4448 851 4512 fine
873 4448 983 4514 libelli.

321 4549 470 4616 Exultsu
494 4553 563 4617 uiso
585 4552 687 4619 lessus
710 4563 742 4618 et
764 4555 833 4640 ipse
857 4555 1008 4640 quidem‘.

87 4652 157 4737 (Vol.
178 4653 303 4732 Ritscltl,
324 4654 480 4741 Opususlu
502 4655 545 4737 ΙΙ,
570 4657 659 4744 162.)
