3192 5474
335 465 374 528 18
700 485 740 526 111.
757 489 777 526 a.
792 485 928 539 essartare.
943 486 1059 529 rossam
1072 486 1166 541 ceum.
1417 477 1539 552 (2527)

333 657 389 724 24.
412 657 560 738 ,Factum
588 669 637 724 est
664 669 772 724 autem
800 669 971 746 postquam
1002 662 1212 730 emundasset
1234 661 1304 729 ὥσ]
1371 664 1428 732 25.
1453 664 1534 740 ‚Do-

332 762 438 825 minus
462 772 494 825 et
510 761 530 846 (
528 761 557 847 1)
574 761 765 849 prophetam
780 764 945 830 Jezeehiel
960 787 1034 831 cum
1050 769 1192 833 mitteret
1214 765 1286 832 ὥσ]
1331 767 1389 834 26.
1414 767 1536 854 ‚Opor-

197 880 202 902 ·
332 871 379 928 tet
405 864 466 929 lroe
494 867 577 931 scire
604 877 636 930 et
665 867 845 952 intelligere
868 866 938 934 ὥσ]
1020 869 1074 938 27.
1103 871 1187 954 ‚Hoc
1216 872 1356 957 primum
1384 874 1535 937 omnium

331 969 561 1054 inquirendum
586 980 635 1036 est
657 971 798 1036 humano
821 975 932 1056 generi
955 971 1025 1038 ὥσ]
1085 975 1141 1042 28.
1166 977 1381 1058 ‚Parasceuen
1397 978 1419 1040 i¹
1437 999 1466 1042 e.
1486 975 1536 1040 Vl

333 1073 403 1138 dics
426 1073 561 1140 Sabbati
584 1073 655 1139 ὥσ]
736 1075 793 1143 20.
816 1076 961 1160 ,Sabbati
985 1077 1145 1163 paschalis
1174 1081 1340 1145 ueneratio
1363 1078 1438 1144 ideo
1462 1077 1537 1142 ὥσ]

333 1178 386 1244 30.
410 1177 559 1264 ,Spiritus
583 1189 714 1245 sanctus
741 1202 799 1265 per
827 1181 1017 1266 proplietam
1045 1183 1162 1269 populo
1187 1183 1371 1249 Christiano
1394 1177 1469 1248 ὥσ]

332 1281 386 1348 31.
412 1281 541 1364 ,Videte
564 1283 682 1348 fratros
705 1284 867 1350 karissimi
891 1295 923 1349 et
946 1286 1149 1352 considerate
1177 1309 1273 1374 quam
1304 1311 1369 1354 car.
1394 1288 1469 1354 ὥσ]

332 1383 386 1452 32.
410 1386 542 1468 ,Paulus
565 1387 606 1452 de
634 1388 924 1454 ministrationibus
952 1393 1185 1476 persecutionis
1207 1390 1278 1456 ὥσ]
1344 1392 1397 1460 33.
1421 1391 1535 1476 ,Scitis

331 1489 449 1554 fratres
472 1491 632 1556 karissimi
658 1491 742 1578 quod
768 1494 845 1557 istos
868 1503 1021 1579 quattuor
1044 1495 1113 1560 dies
1137 1492 1208 1560 ὥσ]
1280 1495 1336 1564 34.
1361 1496 1535 1581 ‚Legimus

332 1595 365 1658 in
381 1595 546 1680 prophetis
561 1617 635 1660 cum
650 1596 769 1661 Niniue
785 1593 857 1662 ὥσ]
880 1596 1063 1681 (Maximus
1079 1598 1177 1664 Taar.
1195 1600 1276 1664 lom.
1292 1601 1352 1680 90;
1366 1600 1420 1681 57,
1438 1601 1533 1684 459).

332 1698 388 1765 35.
412 1699 509 1780 ,Εσσσ
531 1699 649 1764 fratres
672 1701 834 1765 karissimi
859 1699 929 1766 dies
945 1704 1048 1768 saneti
1063 1725 1102 1767 ac
1118 1703 1278 1789 spiritales
1295 1701 1366 1768 ὥσ]
1390 1703 1534 1788 (Anyst-

333 1801 433 1864 atini
448 1800 480 1867 8.
497 1801 582 1889 App.
600 1804 680 1884 173;
702 1805 754 1885 39,
771 1805 883 1890 2070).
933 1805 987 1874 36.
1010 1806 1113 1890 ,Scire
1129 1817 1161 1871 et
1177 1807 1356 1893 intelligere
1373 1807 1535 1873 debemus

333 1905 450 1971 fratres
473 1907 636 1972 karissimi
653 1907 739 1994 quod
756 1907 826 1974 dies
843 1931 935 1995 eonp.
952 1909 1024 1974 ὥσ]
1049 1908 1095 1993 (8.
1108 1910 1195 1997 App.
1208 1913 1289 1992 174,·
1302 1913 1356 1996 39,
1373 1913 1488 1998 2078.)

316 2009 388 2077 37.
412 2009 562 2097 ,Oportet
583 2033 641 2076 nos
667 2012 785 2078 fratres
816 2012 1014 2080 dilectissimi
1045 2018 1238 2081 annuntiare
1266 2016 1359 2082 uobis
1388 2015 1461 2082 ὥσ]

333 2113 388 2181 38.
412 2115 546 2199 ,Vocem
569 2118 775 2182 iocunditatis
792 2139 831 2182 ae
853 2117 937 2183 dulc.
961 2118 1032 2184 ὥσ]
1076 2119 1132 2187 39.
1154 2119 1306 2204 ,Gloriari
1324 2143 1382 2186 nos
1403 2131 1535 2206 oportet

334 2240 462 2305 semper
487 2219 606 2302 fratres
645 2221 807 2286 karissimi
847 2232 879 2286 et
913 2222 1057 2307 gaudere
1098 2225 1174 2309 quia
1215 2225 1375 2290 Dominus
1408 2247 1448 2288 ac
1485 2247 1533 2290 re·

334 2321 482 2409 demptor
512 2322 582 2388 ὥσ]
658 2327 713 2392 40.
738 2325 887 2408 ,Factum
908 2337 957 2391 est
976 2326 1094 2392 fratres
1113 2329 1275 2395 karissimi
1301 2351 1375 2394 cum
1395 2328 1534 2415 impleta

333 2436 441 2491 essent
456 2429 564 2492 omnia
583 2427 640 2492 ὥσ.
686 2430 739 2495 41.
762 2429 825 2512 ‚Ad
851 2428 1107 2496 inluminandum
1132 2430 1310 2496 humanum
1331 2453 1435 2516 genus
1457 2430 1534 2496 ὥσ]

332 2531 389 2597 42.
413 2531 478 2612 ,De
501 2541 611 2596 saneto
627 2532 723 2598 Petro
740 2533 884 2618 apostolo
901 2535 1005 2619 primo
1027 2531 1099 2598 ὥσ]
1153 2535 1208 2603 43.
1225 2534 1359 2618 ,Audite
1374 2557 1426 2600 me
1440 2534 1533 2599 filioli

334 2657 384 2698 rue
399 2634 444 2720 (l)
469 2646 501 2700 et
520 2635 655 2702 liberate
675 2658 733 2702 uos
749 2635 820 2701 ὥσ]
844 2636 1075 2724 (Aepustini
1090 2637 1123 2701 S.
1139 2637 1225 2725 App.
1243 2640 1323 2718 204,·
1344 2642 1396 2723 39,
1413 2641 1531 2724 2124).

333 2740 387 2804 44.
405 2739 574 2823 ,Venerari
587 2763 645 2805 nos
657 2751 784 2827 oportet
794 2741 912 2806 fratres
928 2741 1090 2808 karissimi
1107 2742 1192 2807 hano
1213 2743 1448 2810 solemnitatem
1467 2742 1531 2809 ὥσ.

219 2883 220 2886 =
333 2844 390 2909 45.
416 2844 571 2925 ,Primum
602 2847 744 2910 omnium
774 2845 1003 2930 inquirendum
1035 2854 1084 2910 est
1112 2848 1199 2912 omui
1226 2847 1347 2913 homini
1370 2846 1440 2912 ὥσ]

333 2945 390 3013 46.
408 2947 667 3032 ‚Sciendumest
680 2950 798 3014 tratres
811 2950 984 3033 karissimi,
999 2960 1031 3015 et
1042 2950 1191 3016 omnibus
1203 2951 1445 3037 explanandum
1458 2949 1531 3015 ὥσ]

333 3051 386 3118 47.
410 3051 526 3134 ,Valde
549 3053 755 3118 honorandus
779 3063 828 3119 est
851 3053 954 3137 nobis,
977 3056 1095 3120 fratres
1118 3056 1292 3141 karissimi,
1321 3066 1453 3122 sanetus
1476 3058 1532 3122 Jo-

333 3153 457 3220 hannes
481 3157 575 3243 Bapt.
600 3155 670 3223 ὥσ]
726 3159 781 3226 48.
806 3158 1052 3244 ,inquirendum
1075 3167 1134 3243 est,
1157 3160 1275 3226 fratres
1297 3161 1472 3244 karissimi,
1500 3171 1532 3226 et

337 3257 579 3344 explanandum
606 3261 824 3346 perordinem
848 3259 918 3325 ὥσ]
977 3262 1033 3330 49.
1057 3263 1154 3345 ,Εσσσ
1170 3263 1239 3328 dics
1266 3264 1476 3331 confessionis
1501 3275 1534 3329 et

335 3361 532 3430 humillimae
555 3363 625 3430 ὥσ]
693 3365 749 3432 50.
778 3365 818 3450 ,Ο
842 3376 974 3432 sanctae
1001 3365 1165 3452 religionis
1186 3368 1436 3435 fundamentum
1459 3367 1532 3432 ὥσ]

334 3466 388 3534 51.
411 3467 540 3552 ,Angeli
565 3491 681 3553 graece
708 3483 866 3535 uocantur
893 3471 1045 3537 hebraice
1074 3471 1213 3538 malaoth
1236 3472 1305 3537 ὥσ]
1372 3471 1429 3539 52.
1452 3473 1531 3553 ,Me-

335 3574 455 3637 morari
486 3583 517 3637 et
546 3575 681 3638 recitare
712 3573 806 3639 decet
840 3577 1028 3640 memoriam
1055 3573 1126 3639 ὥσ]
1214 3577 1268 3644 53.
1298 3576 1467 3661 ,Legimus
1497 3580 1529 3642 in

304 3711 307 3718 ·
336 3674 562 3742 ecclesiasticis
578 3676 720 3742 historiis
735 3679 852 3743 tratres
873 3679 1034 3744 karissimi
1055 3678 1141 3765 quod
1163 3689 1293 3745 sanctus
1315 3677 1385 3744 ὥσ]
1410 3680 1529 3766 (Beda

335 3779 387 3863 94,
407 3781 488 3860 45&-
519 3779 610 3845 Hom.
635 3780 738 3846 Pauli
765 3781 862 3845 Diae.
891 3782 929 3846 de
957 3781 990 3846 S.
1012 3767 1151 3868 LXIII).
1234 3785 1289 3852 54.
1319 3784 1428 3867 ,Nunc
1452 3807 1528 3870 ergo

335 3883 452 3948 fratres
475 3884 648 3966 karissimi,
672 3888 704 3951 in
729 3887 870 3950 omnium
893 3885 1078 3972 primordiis
1101 3885 1172 3952 ὥσ]
1216 3888 1271 3956 55.
1294 3887 1370 3970 ,Qui
1387 3911 1528 3974 superna

335 3986 495 4052 caelorum
520 4011 622 4071 regna
645 3988 812 4074 spiritibus
834 3988 906 4054 ὥσ]
964 3989 1021 4058 56.
1046 3989 1087 4072 ,Ο
1110 3990 1207 4055 beata
1230 3991 1293 4056 Dei
1322 3993 1475 4075 genetrix
1498 4003 1529 4056 et

335 4111 463 4176 semper
478 4093 571 4177 uirgo
587 4093 693 4157 Maria
712 4089 783 4157 ὥσ]
833 4093 887 4160 57.
912 4092 1042 4175 ,Adhuc
1057 4103 1166 4158 tamen
1186 4093 1308 4181 aliquid
1326 4095 1367 4159 de
1381 4095 1444 4160 bac
1460 4095 1529 4160 ὥσ]

335 4195 392 4261 58.
414 4195 495 4279 ,Hos
514 4198 660 4282 sequitur
679 4195 793 4262 electio
812 4196 1044 4283 prophetarum
1060 4196 1130 4262 ὥσ]
1187 4199 1243 4266 50.
1263 4198 1361 4282 ,Hinc
1380 4209 1447 4264 tam
1463 4199 1528 4285 pul·

337 4297 434 4364 ebrae
458 4299 651 4365 solemnitati
673 4301 743 4365 ὥσ]
789 4299 848 4367 60.
873 4301 945 4382 ,llis
968 4301 1149 4368 subiectum
1173 4311 1222 4367 est
1244 4302 1440 4388 triumphale
1460 4303 1528 4367 ὥσ]

336 4404 391 4468 61.
416 4403 534 4487 ,Hodie
558 4404 756 4470 dilectissimi
773 4405 914 4470 omnium
939 4415 1123 4470 sanctorum
1144 4405 1205 4472 sub
1228 4428 1292 4471 una
1315 4405 1386 4472 ὥσ]
1406 4406 1527 4492 (Beda

336 4508 388 4590 94,
404 4507 485 4586 450,·
507 4507 629 4574 Hamil.
654 4507 750 4574 Paul.
775 4508 872 4572 Diae.
897 4508 935 4571 de
959 4506 990 4574 8.
1007 4509 1127 4594 LXII).
1189 4509 1245 4577 62.
1268 4511 1458 4597 ,Postquam
1477 4511 1525 4574 do

337 4613 442 4676 minus
457 4625 567 4677 noster
582 4611 604 4677 J
606 4635 679 4677 esus
696 4611 844 4677 Christus
861 4613 1076 4698 triumphator
1088 4613 1128 4678 ad
1142 4612 1208 4678 alta
1224 4612 1294 4678 ὥσ]
1319 4613 1526 4698 (Alcaiaas
