3224 5476
572 533 577 543 ·
695 515 734 557 nr.
752 519 782 558 ιι.
798 515 930 570 anesus.
945 517 1071 562 remeo
1084 519 1177 574 aum.
1290 509 1537 588 (test-2892)

1429 708 1516 764 2888

441 803 483 858 25
500 794 580 882 (86).
604 795 742 882 membr„
764 820 845 862 socc.
863 798 949 864 XIV.
994 800 1032 865 B.
1050 801 1293 887 Augustinus
1314 802 1355 868 de
1376 803 1409 870 S.
1432 803 1537 869 utini·

337 907 404 964 tate
429 899 496 984 (42,
511 901 602 989 819).

1427 1023 1512 1078 2889

439 1120 480 1176 2‘1
497 1109 578 1198 (37).
601 1110 747 1192 menn„
777 1134 801 1176 o.
818 1111 912 1176 XIII.
966 1112 1179 1198 Augustini
1217 1137 1334 1202 opera:
1418 1117 1453 1183 l.
1483 1117 1533 1182 De

334 1214 536 1281 mirabilibus
559 1225 690 1282 sanctae
713 1216 900 1304 Scripturas
922 1216 997 1283 libri
1013 1242 1047 1282 m
1071 1216 1138 1304 (35,
1156 1219 1268 1306 2149).
1347 1222 1382 1289 2.
1408 1219 1532 1286 Contra

333 1319 491 1386 Faustum
507 1321 736 1386 Manichaeum
760 1321 826 1406 (42,
843 1322 934 1409 207).
994 1322 1029 1391 3.
1054 1322 1176 1389 Contra
1197 1323 1427 1392 adversarium
1449 1325 1529 1412 legis

332 1439 364 1490 et
380 1426 610 1512 prophetarum
625 1423 699 1491 libri
714 1450 737 1490 n
761 1424 827 1511 (42,
844 1427 933 1512 603).
1001 1429 1035 1494 4.
1058 1426 1180 1494 Contra
1195 1427 1397 1496 Feliciannm
1417 1429 1528 1496 hasra·

330 1531 430 1595 ticum
454 1529 648 1616 (42,1157).
716 1531 750 1598 5.
774 1531 827 1596 De
850 1552 929 1597 vera
951 1533 1135 1598 innocentia
1159 1533 1355 1619 (46,1859).
1414 1535 1452 1602 6.
1477 1536 1527 1600 De

331 1637 447 1719 spiritu
469 1644 502 1700 et
523 1635 631 1700 littera
653 1633 696 1701 ad
718 1633 943 1701 Marcellinum
968 1633 1141 1722 (44,199).
1216 1639 1248 1705 7.
1273 1638 1324 1704 De
1339 1641 1526 1724 cognitione

330 1761 428 1805 verae
458 1742 543 1804 vitae
575 1739 642 1824 (40,
659 1739 772 1826 1005).
861 1739 893 1808 8.
916 1739 971 1805 Ad
1001 1740 1214 1807 Volusianum
1246 1741 1321 1829 (Ep.
1352 1744 1420 1807 132
1452 1743 1526 1808 σὼ·

329 1844 419 1930 137).
508 1845 543 1911 9.
567 1844 621 1909 Ad
652 1843 798 1910 Italicam
835 1843 970 1930 epistola
1000 1844 1161 1932 (ripen).
1245 1846 1300 1914 19.
1323 1847 1376 1912 De
1410 1847 1524 1914 decem

328 1952 508 2038 praeceptis
539 1949 620 2036 legis
646 1960 679 2015 st
706 1949 818 2014 decem
850 1948 954 2035 plagis
977 1949 1121 2035 Aegypti
1128 1971 1140 2029 ;
1163 1948 1245 2036 bap:
1266 1951 1352 2034 ,Non
1381 1957 1523 2018 estsine

327 2078 424 2122 causa
444 2053 514 2120 ‹itc‘
538 2051 585 2139 (S.
602 2053 687 2140 App.
706 2054 745 2117 21
754 2077 767 2132 ,·
787 2053 968 2140 39,1783).
1029 2053 1083 2122 11.
1106 2054 1159 2120 De
1173 2057 1358 2122 visitatione
1382 2057 1522 2122 infirmo·

325 2183 399 2228 rum
415 2158 607 2246 (40‚1147).
675 2158 731 2226 12.
748 2157 801 2222 Do
817 2157 964 2223 doctrina
979 2157 1165 2224 Christiana
1181 2157 1330 2246 (34,15).
1393 2161 1452 2229 18.
1469 2163 1520 2229 Ad

324 2267 547 2353 inquisitiones
570 2263 718 2330 ianuarii
742 2260 818 2350 (Hp.
834 2262 878 2324 54
885 2283 897 2342 ;
917 2262 971 2346 33,
987 2262 1076 2349 199).
1162 2265 1217 2330 14.
1240 2264 1520 2333 Rectractationes

326 2371 393 2456 (32,
408 2371 500 2457 583).

1413 2485 1497 2542 2890

426 2579 565 2666 28236).
588 2577 730 2665 membr„
762 2598 786 2643 e.
802 2576 861 2642 XI.
937 2578 969 2645 1.
994 2578 1031 2643 Β.
1063 2578 1273 2663 Augustini
1303 2578 1516 2646 Enchiridion

323 2684 390 2772 (40,
406 2685 497 2770 231).
569 2683 603 2751 2.
627 2683 781 2749 Eiusdem
812 2682 899 2769 quod
929 2681 1024 2747 homo
1053 2681 1158 2748 factus
1189 2693 1238 2748 est
1268 2681 1310 2748 ad
1339 2686 1516 2770 imaginem

321 2789 385 2856 Dei
414 2787 631 2875 (40,1213).*
697 2787 730 2856 3.
755 2783 982 2853 Ambrosius
1012 2785 1053 2850 de
1085 2785 1168 2853 bono
1198 2789 1311 2854 mortis
1339 2787 1408 2875 (14,
1423 2790 1514 2877 539).

1408 2903 1490 2960 2891

423 3010 466 3063 29
481 2997 563 3086 (88).
585 2997 725 3083 membr„
749 3019 773 3062 a.
790 2995 866 3061 XII.
935 2996 965 3064 1.
989 2997 1031 3061 B.
1052 2995 1310 3084 Hieronymus
1326 2997 1460 3064 Oceano
1483 3012 1515 3065 at
1598 3067 1599 3080 p

318 3103 473 3170 fratribus
496 3103 538 3169 ee
559 3102 710 3187 origenis
733 3100 823 3166 unns
845 3099 992 3187 (neae
1012 3101 1064 3185 aa,
1078 3099 1167 3188 743).
1228 3101 1261 3170 a.
1284 3101 1510 3191 Hieronymi
1598 3089 1599 3147 t

316 3207 390 3274 libri
420 3218 486 3274 tres
517 3217 629 3274 contra
658 3205 812 3273 Rufinum
843 3215 876 3271 et
908 3203 976 3291 (23,
1003 3206 1082 3292 397)
1112 3205 1222 3271 Rufini
1253 3217 1366 3272 contra
1398 3207 1509 3274 Hiero-

316 3335 449 3400 nymum
475 3312 542 3397 (21,
557 3312 649 3397 541).

1403 3424 1485 3482 2892

417 3531 461 3585 80
477 3519 557 3607 (⁸7).
580 3518 719 3603 membr„
742 3541 767 3584 o.
784 3517 860 3584 XII.
914 3519 951 3584 B.
976 3519 1201 3606 Hieronymi
1231 3528 1434 3587 tractatus.

314 3626 345 3694 1.
368 3624 583 3706 Quaestiones
606 3625 778 3691 hebraicae
802 3623 868 3710 (23,
884 3623 975 3702 935).
1049 3623 1083 3691 2.
1108 3624 1159 3689 Da
1182 3626 1247 3689 situ
1269 3634 1301 3689 et
1322 3625 1505 3691 nominibus

312 3729 455 3796 locorum
487 3731 554 3815 (23,
574 3729 665 3817 859).
747 3729 780 3798 3.
805 3730 857 3795 De
887 3730 1151 3815 interpretatione
1184 3731 1350 3794 nominum
1380 3728 1504 3796 hebrai-

312 3857 423 3901 corum
454 3835 521 3922 (23,
542 3836 628 3921 771).
716 3836 750 3902 4.
773 3834 826 3899 De
856 3831 977 3900 Christi
1009 3831 1275 3918 temptationibus
1307 3834 1343 3899 in
1376 3832 1503 3900 deserto

311 3941 378 4026 (23,
399 3940 510 4026 1319).
596 3941 628 4008 5.
651 3939 822 4006 Canticum
852 3937 1005 4004 Deborae
1039 3936 1106 4021 (23,
1126 3937 1238 4023 1321).
1324 3937 1359 4004 6.
1383 3937 1500 4026 Expla-

308 4047 455 4111 nationes
484 4047 518 4110 in
545 4044 722 4111 Jeremiam
755 4044 821 4124 (25,
841 4042 929 4128 787).
994 4043 1026 4110 i.
1051 4040 1222 4123 Quomodo
1251 4040 1410 4127 legendus
1433 4043 1500 4109 Ori·

307 4171 407 4234 genes
429 4150 473 4216 ad
495 4149 754 4237 Tranquillinum
772 4147 845 4234 (up.
863 4148 922 4227 62,·
944 4148 996 4232 22,
1011 4146 1101 4232 606).
1176 4146 1210 4214 8.
1236 4145 1410 4232 (Epistula
1432 4146 1498 4210 An

305 4254 458 4340 pontini
490 4255 536 4318 od
566 4253 812 4340 Hieronymum)
844 4253 897 4318 De
934 4254 1058 4337 origine
1094 4253 1239 4331 animae;
1269 4249 1350 4337 bap:
1379 4251 1495 4334 ,Deum
1595 4337 1596 4346 ³

306 4369 451 4426 nostrum
475 4361 531 4447 qui
554 4380 612 4425 nos
635 4361 765 4425 uocauit
787 4357 858 4423 ‹stc‘
908 4356 1128 4444 (Anpnetinne
1150 4355 1312 4442 np.166;
1332 4357 1386 4441 33,
1411 4357 1494 4440 720).

305 4466 339 4532 9.
364 4465 416 4530 De
429 4463 656 4550 explanatione
671 4463 764 4542 fidei,·
779 4485 852 4528 cum
868 4464 968 4528 variis
983 4460 1125 4548 epistolis
1136 4460 1311 4546 Augustini
1326 4459 1369 4526 ad
1384 4460 1494 4526 Hiero

304 4591 438 4654 nymnm
465 4578 498 4634 st
524 4569 717 4654 Hieronymi
738 4565 781 4632 ad
804 4567 1034 4651 Augustinum,
1057 4565 1234 4647 Oceanum,
1258 4564 1410 4651 Vitslem,
1433 4566 1493 4632 Ru·

303 4673 414 4758 finum,
437 4672 633 4738 Marcellam.
