3246 5474
324 461 368 528 64
653 481 744 524 arira
758 481 840 534 cren
853 481 933 526 neree
947 481 1041 536 cene...
1055 483 1188 536 ansere..
1275 473 1523 546 (Isso-4868)

1418 671 1502 728 4885

428 791 481 845 28.
504 780 643 866 membr,
677 805 702 846 s.
727 783 805 848 XII.
844 784 997 870 Origenis
1036 782 1196 850 Homiliae
1232 786 1266 851 in
1304 786 1469 852 Numeros
1507 808 1527 850 a

324 886 442 952 Rufino
466 910 484 952 e
506 888 635 955 Graeco
665 887 698 954 in
725 889 882 956 Latinum
913 911 1026 957 versae
1059 889 1098 976 (a.
1124 889 1299 968 Hor-nack,
1329 888 1443 955 (isselt.
1467 889 1528 954 der

324 989 500 1057 olteltristl.
521 992 692 1058 Literotur
715 993 742 1073 I,
758 995 823 1059 356
827 995 894 1082 ff).

1418 1109 1503 1164 4866

428 1230 480 1286 80.
503 1220 642 1306 membr,
665 1244 689 1286 a.
707 1221 801 1287 XIII.
856 1224 887 1289 l.
913 1223 1082 1310 Expositis
1097 1220 1283 1288 Andreae
1301 1221 1525 1309 (Victorini)

324 1323 451 1391 abbatis
482 1327 512 1390 in
538 1326 809 1410 Pentateuchum,
840 1329 988 1411 Josuam,
1021 1327 1171 1412 Iudices,
1201 1326 1301 1394 libros
1331 1327 1462 1413 Regum
1494 1337 1527 1392 et

325 1431 568 1515 Chronicorum,
596 1431 772 1497 Parabolas
795 1430 984 1516 Salomonis,
1007 1431 1238 1500 Ecclesiastem
1263 1431 1379 1519 (Fare.
1403 1432 1524 1518 Ι,97);

325 1533 405 1621 bap:
427 1533 592 1620 ,Difficile
617 1537 704 1623 quod
727 1535 855 1620 durum,
879 1536 966 1625 quod
988 1559 1100 1623 grave,
1123 1537 1212 1625 quod
1234 1559 1386 1624 asperum
1410 1534 1484 1602 &ef

325 1639 359 1707 2.
384 1640 555 1726 Expositio
588 1642 620 1705 in
654 1639 830 1707 Parabolas
864 1640 1043 1708 secundum
1077 1641 1220 1707 Bedam
1256 1641 1323 1727 (91,
1340 1641 1434 1728 946).

324 1745 357 1814 3.
381 1746 610 1832 Hieronymi
634 1747 792 1832 expositio
815 1749 847 1811 in
873 1745 1102 1812 Ecclesiastem
1127 1746 1324 1833 (231009).
1391 1749 1427 1814 4.
1451 1747 1525 1813 An-

325 1851 439 1916 dreae
462 1849 683 1938 (Victorini)
706 1850 834 1918 abbatis
857 1853 1017 1940 expositio
1040 1853 1074 1918 in
1096 1851 1164 1918 XII
1186 1851 1372 1940 prophetas.

1415 2000 1502 2058 4867

428 2124 480 2179 34.
503 2113 642 2207 membr,
670 2137 695 2182 a.
719 2115 806 2180 XIV.
897 2117 929 2183 1.
953 2115 1096 2184 Ioannes
1127 2115 1353 2180 Damascenus
1384 2111 1427 2180 de
1456 2113 1524 2179 fide

324 2219 505 2284 orthodoxa
528 2217 634 2304 (Patr.
654 2218 712 2286 (Ie.
729 2221 781 2305 94,
798 2220 886 2305 789).
959 2221 1019 2289 *2.
1045 2220 1285 2305 Augustinus
1310 2218 1351 2285 de
1374 2218 1523 2285 doctrina

324 2322 510 2389 Christiana
536 2324 686 2410 (34,15).
756 2323 813 2393 *3.
838 2326 890 2390 De
920 2347 999 2390 vera
1028 2326 1205 2410 penitentia
1233 2323 1434 2410 (40,1113).

325 2429 383 2497 *4.
409 2427 573 2514 Epistulae
606 2429 750 2495 Senecae
780 2429 822 2495 ad
855 2428 1045 2495 Lucilium.
1121 2429 1179 2497 *5.
1204 2427 1450 2514 Augustinus
1482 2427 1523 2492 de

323 2532 407 2599 bono
430 2535 572 2620 coniugii
590 2532 658 2618 (40,
673 2534 765 2618 373).
821 2534 855 2601 6.
879 2533 932 2600 De
955 2533 1146 2600 adulterinis
1169 2535 1327 2618 coniugiis
1345 2531 1414 2619 (40,
1430 2533 1494 2596 451
1492 2535 1522 2618 ).

324 2638 358 2705 7.
382 2637 433 2703 De
464 2647 576 2703 sancta
606 2640 793 2724 virginitate
826 2639 895 2723 (40,
910 2637 1023 2724 3451).
1113 2639 1147 2706 8.
1173 2638 1224 2704 De
1254 2659 1335 2703 vers
1365 2637 1523 2724 religione

326 2742 393 2830 (34,
410 2741 499 2828 121),
582 2741 616 2810 9.
641 2743 693 2808 De
717 2765 864 2809 sermone
886 2744 1019 2809 Domini
1041 2743 1074 2808 in
1098 2750 1207 2808 monte
1232 2741 1300 2827 (34,
1319 2741 1432 2828 1229).

323 2847 378 2915 10.
403 2847 455 2912 De
482 2846 628 2933 symbolo
657 2847 730 2934 (apl.
753 2845 830 2912 Cod.
846 2845 942 2931 4404,
957 2848 1004 2934 8).
1094 2849 1147 2915 11.
1169 2847 1222 2913 De
1251 2847 1320 2912 vite
1349 2846 1448 2912 beata
1477 2847 1522 2912 ad

322 2951 480 3018 Manlium
509 2952 717 3019 Theodorum
753 2954 821 3038 (32,
844 2953 934 3040 959).
1024 2953 1080 3020 12.
1104 2954 1156 3018 De
1188 2951 1315 3018 duabus
1348 2952 1522 3019 animabus

324 3057 391 3144 (42,
407 3058 475 3145 93).
544 3059 600 3127 lt.
624 3058 676 3124 De
691 3057 757 3124 fide
772 3080 881 3126 rerum
899 3057 1108 3126 invisibilium
1126 3058 1194 3144 (40,
1212 3057 1302 3144 171)
1371 3058 1427 3125 14.
1444 3057 1522 3122 Vita
1614 3111 1615 3120 ,

323 3163 354 3229 b.
371 3164 547 3250 Augustini
558 3211 562 3218 ·
572 3163 678 3250 (aicit
698 3163 881 3248 Pontidius)
905 3164 975 3228 mad
990 3164 1031 3229 de
1045 3161 1261 3230 translacione
1277 3163 1310 3230 S.
1326 3162 1523 3248 Augustini3
1614 3183 1615 3228 l

323 3268 403 3356 bap:
424 3268 577 3351 ,Prefatio
599 3271 633 3335 in
654 3271 756 3336 uitam
779 3269 811 3336 S.
828 3268 1004 3356 Augustini
1027 3269 1165 3335 Beatum
1188 3267 1411 3355 Augustinum
1434 3291 1523 3354 mag·

323 3395 400 3440 num
433 3373 533 3440 fnisse
567 3372 732 3440 doctorem
766 3384 800 3440 et
831 3371 1105 3460 pereunctabilem
1135 3375 1227 3460 Papa
1256 3371 1441 3440 Celestinus
1472 3375 1523 3439 his

322 3476 432 3544 verbis
462 3479 601 3544 asseruit
622 3476 693 3543 rite!
783 3479 835 3548 15.
858 3477 1008 3565 Capitula
1037 3477 1243 3566 quorundam
1271 3476 1431 3545 librorum
1456 3478 1524 3545 Au·

323 3584 453 3669 gustiui.
543 3583 624 3650 ³¹16.
648 3582 797 3650 Iuliani
828 3585 968 3649 Pomerii
985 3583 1031 3668 (l)
1054 3582 1145 3650 urbia
1167 3582 1345 3650 Toletanae
1375 3584 1524 3670 episcopi

320 3687 405 3754 liber
426 3690 705 3774 prognosticorum
728 3687 770 3754 de
792 3689 901 3754 futuro
924 3686 1053 3754 saeculo
1075 3688 1143 3772 (96,
1159 3687 1238 3774 463)
1308 3687 1388 3756 *17.
1409 3687 1524 3754 Hilde-

322 3793 435 3859 bertus
457 3815 571 3860 versus
594 3792 635 3860 de
658 3794 859 3860 institutione
881 3815 994 3859 sacrae
1017 3794 1134 3860 missae
1160 3793 1379 3879 (171,1191),
1404 3793 1522 3860 desua

323 3897 514 3983 expulsione
543 3899 586 3964 ab
616 3901 820 3986 episcopatu,
852 3898 893 3964 de
924 3897 1053 3965 excidio
1080 3899 1198 3964 Troiae
1218 3897 1276 3983 (ib.
1293 3898 1406 3982 1447).

324 4003 403 4098 5⁸18.
429 4002 641 4089 Augustini
665 4003 891 4072 Confessiones
916 4003 983 4088 (32,
999 4002 1089 4090 659).

1413 4117 1500 4174 4868

428 4240 479 4296 86.
503 4229 641 4315 membr,
656 4253 681 4294 s.
698 4230 784 4294 XIV.
853 4233 885 4298 1.
901 4230 997 4296 Vitae
1013 4253 1038 4296 s.
1054 4229 1156 4314 Pauli,
1171 4229 1317 4315 Antonii,
1334 4229 1523 4314 Hilarionis,
1614 4215 1615 4284 l

323 4335 515 4423 Hieronymi
531 4337 618 4402 vitae
638 4357 679 4402 ss.
696 4345 826 4422 patrum
842 4336 1091 4422 Aegyptiorum,
1116 4336 1217 4402 Actus
1232 4335 1353 4402 Melehi
1369 4335 1521 4402 monachi

323 4442 458 4526 captivi,
492 4441 560 4505 vita
593 4461 618 4506 s.
642 4441 825 4522 Frontoni,
860 4441 912 4506 De
943 4440 1034 4505 leone
1064 4464 1084 4505 a
1110 4439 1141 4504 b.
1163 4439 1363 4526 Hieronymo
1396 4448 1520 4523 curato,

324 4543 425 4610 Liber
452 4545 485 4612 S.
507 4531 678 4611 Athanasii
708 4545 850 4632 episcopi
881 4544 922 4610 de
949 4546 1175 4612 exhortatione
1204 4544 1436 4610 monachorum
1459 4543 1519 4610 (9ο.

325 4649 401 4733 (aus
424 4649 485 4713 dea
507 4650 598 4714 Vitae
620 4649 774 4732 Patrem,⁸
799 4651 865 4738 73).
933 4651 967 4718 2.
993 4648 1170 4717 Cassiani
1193 4649 1387 4716 collationes.
