<?xml version="1.0" encoding="UTF-8"?>
<!DOCTYPE html PUBLIC "-//W3C//DTD XHTML 1.0 Transitional//EN"
    "http://www.w3.org/TR/xhtml1/DTD/xhtml1-transitional.dtd">
<html xmlns="http://www.w3.org/1999/xhtml" xml:lang="en" lang="en">
 <head>
  <title>
</title>
<meta http-equiv="Content-Type" content="text/html;charset=utf-8" />
  <meta name='ocr-system' content='tesseract 3.04.00' />
  <meta name='ocr-capabilities' content='ocr_page ocr_carea ocr_par ocr_line ocrx_word'/>
</head>
<body>
  <div class='ocr_page' id='page_1' title='image "./bibliothecapatr00schegoog/bibliothecapatr00schegoog_0380.png"; bbox 0 0 3016 5354; ppageno 0'>
   <div class='ocr_carea' id='block_1_1' title="bbox 268 375 1454 466">
    <p class='ocr_par' dir='ltr' id='par_1_1' title="bbox 268 375 1454 466">
     <span class='ocr_line' id='line_1_1' title="bbox 268 375 1454 466; baseline 0.014 -36"><span class='ocrx_word' id='word_1_1' title='bbox 268 375 307 439; x_wconf 89' lang='lat'><strong>10</strong></span> <span class='ocrx_word' id='word_1_2' title='bbox 646 394 683 435; x_wconf 85' lang='lat' dir='ltr'><strong>ur.</strong></span> <span class='ocrx_word' id='word_1_3' title='bbox 700 398 718 436; x_wconf 89' lang='lat'><strong>1.</strong></span> <span class='ocrx_word' id='word_1_4' title='bbox 735 395 865 447; x_wconf 63' lang='lat' dir='ltr'><strong>ampsaga.</strong></span> <span class='ocrx_word' id='word_1_5' title='bbox 881 397 965 449; x_wconf 62' lang='lat' dir='ltr'><strong>rnna</strong></span> <span class='ocrx_word' id='word_1_6' title='bbox 978 397 1071 449; x_wconf 63' lang='lat' dir='ltr'><strong>conae.</strong></span> <span class='ocrx_word' id='word_1_7' title='bbox 1346 382 1454 466; x_wconf 77' lang='lat'>(2192)</span> 
     </span>
    </p>
   </div>
   <div class='ocr_carea' id='block_1_2' title="bbox 257 570 1460 4214">
    <p class='ocr_par' dir='ltr' id='par_1_2' title="bbox 257 570 1460 2624">
     <span class='ocr_line' id='line_1_2' title="bbox 264 570 1429 658; baseline 0.003 -23"><span class='ocrx_word' id='word_1_8' title='bbox 264 571 320 635; x_wconf 84' lang='lat' dir='ltr'><strong>wie</strong></span> <span class='ocrx_word' id='word_1_9' title='bbox 336 572 372 635; x_wconf 81' lang='lat' dir='ltr'><strong>in</strong></span> <span class='ocrx_word' id='word_1_10' title='bbox 387 570 447 634; x_wconf 79' lang='lat' dir='ltr'><strong>Nr.</strong></span> <span class='ocrx_word' id='word_1_11' title='bbox 461 570 506 657; x_wconf 83' lang='grc'><strong>4).</strong></span> <span class='ocrx_word' id='word_1_12' title='bbox 524 571 552 656; x_wconf 71' lang='lat' dir='ltr'><strong>‚ll</strong></span> <span class='ocrx_word' id='word_1_13' title='bbox 572 593 650 655; x_wconf 92' lang='lat' dir='ltr'><strong>ergo</strong></span> <span class='ocrx_word' id='word_1_14' title='bbox 666 571 816 636; x_wconf 84' lang='lat' dir='ltr'><strong>inuisibil&#39;</strong></span> <span class='ocrx_word' id='word_1_15' title='bbox 834 572 961 636; x_wconf 89' lang='lat' dir='ltr'><strong>domino</strong></span> <span class='ocrx_word' id='word_1_16' title='bbox 978 572 1103 658; x_wconf 88' lang='lat' dir='ltr'><strong>placere</strong></span> <span class='ocrx_word' id='word_1_17' title='bbox 1120 596 1183 638; x_wconf 94' lang='lat' dir='ltr'><strong>uon</strong></span> <span class='ocrx_word' id='word_1_18' title='bbox 1199 573 1346 639; x_wconf 88' lang='lat' dir='ltr'><strong>uestibus</strong></span> <span class='ocrx_word' id='word_1_19' title='bbox 1360 572 1429 638; x_wconf 89' lang='grc' dir='ltr'><strong>ὥσ]</strong></span> 
     </span>
     <span class='ocr_line' id='line_1_3' title="bbox 265 674 1457 762; baseline 0.002 -20"><span class='ocrx_word' id='word_1_20' title='bbox 265 677 319 743; x_wconf 93' lang='grc'><strong>11.</strong></span> <span class='ocrx_word' id='word_1_21' title='bbox 342 674 480 738; x_wconf 83' lang='lat' dir='ltr'><strong>Allorlei</strong></span> <span class='ocrx_word' id='word_1_22' title='bbox 506 676 679 761; x_wconf 64' lang='lat' dir='ltr'><strong>Excerpte:</strong></span> <span class='ocrx_word' id='word_1_23' title='bbox 709 676 817 758; x_wconf 86' lang='lat' dir='ltr'><strong>,Omni</strong></span> <span class='ocrx_word' id='word_1_24' title='bbox 848 687 992 762; x_wconf 88' lang='lat' dir='ltr'><strong>tempore</strong></span> <span class='ocrx_word' id='word_1_25' title='bbox 1023 677 1159 743; x_wconf 80' lang='lat' dir='ltr'>benedic</span> <span class='ocrx_word' id='word_1_26' title='bbox 1189 680 1298 743; x_wconf 92' lang='lat' dir='ltr'><strong>Deum</strong></span> <span class='ocrx_word' id='word_1_27' title='bbox 1326 679 1407 745; x_wconf 85' lang='lat' dir='ltr'><strong>Tob.</strong></span> <span class='ocrx_word' id='word_1_28' title='bbox 1427 681 1457 744; x_wconf 85' lang='lat'><strong>4.</strong></span> 
     </span>
     <span class='ocr_line' id='line_1_4' title="bbox 265 781 1458 870; baseline 0.004 -26"><span class='ocrx_word' id='word_1_29' title='bbox 265 781 308 845; x_wconf 83' lang='lat' dir='ltr'><strong>Et</strong></span> <span class='ocrx_word' id='word_1_30' title='bbox 326 783 386 845; x_wconf 92' lang='lat' dir='ltr'><strong>hoc</strong></span> <span class='ocrx_word' id='word_1_31' title='bbox 406 782 614 867; x_wconf 81' lang='lat' dir='ltr'><strong>spiritualiter</strong></span> <span class='ocrx_word' id='word_1_32' title='bbox 635 792 766 868; x_wconf 89' lang='lat' dir='ltr'><strong>propter</strong></span> <span class='ocrx_word' id='word_1_33' title='bbox 785 784 846 846; x_wconf 89' lang='lat' dir='ltr'><strong>tria</strong></span> <span class='ocrx_word' id='word_1_34' title='bbox 866 784 1005 868; x_wconf 91' lang='lat' dir='ltr'><strong>primum</strong></span> <span class='ocrx_word' id='word_1_35' title='bbox 1026 793 1075 847; x_wconf 87' lang='lat' dir='ltr'><strong>est</strong></span> <span class='ocrx_word' id='word_1_36' title='bbox 1096 782 1288 848; x_wconf 86' lang='lat' dir='ltr'><strong>beneficium</strong></span> <span class='ocrx_word' id='word_1_37' title='bbox 1309 795 1458 870; x_wconf 86' lang='lat' dir='ltr'><strong>expecta·</strong></span> 
     </span>
     <span class='ocr_line' id='line_1_5' title="bbox 265 886 1458 973; baseline 0.003 -22"><span class='ocrx_word' id='word_1_38' title='bbox 265 889 360 951; x_wconf 89' lang='lat' dir='ltr'><strong>tionis</strong></span> <span class='ocrx_word' id='word_1_39' title='bbox 382 886 452 951; x_wconf 97' lang='grc' dir='ltr'><strong>ὥσ]</strong></span> <span class='ocrx_word' id='word_1_40' title='bbox 611 887 643 950; x_wconf 90' lang='lat' dir='ltr'><strong>U.</strong></span> <span class='ocrx_word' id='word_1_41' title='bbox 668 910 698 950; x_wconf 88' lang='lat' dir='ltr'><strong>a.</strong></span> <span class='ocrx_word' id='word_1_42' title='bbox 723 887 817 966; x_wconf 86' lang='lat' dir='ltr'><strong>,Nota</strong></span> <span class='ocrx_word' id='word_1_43' title='bbox 841 889 1052 973; x_wconf 82' lang='lat' dir='ltr'><strong>proprietates</strong></span> <span class='ocrx_word' id='word_1_44' title='bbox 1075 891 1194 952; x_wconf 91' lang='lat' dir='ltr'><strong>mortis.</strong></span> <span class='ocrx_word' id='word_1_45' title='bbox 1220 889 1350 953; x_wconf 89' lang='lat' dir='ltr'><strong>Wanne</strong></span> <span class='ocrx_word' id='word_1_46' title='bbox 1373 892 1458 954; x_wconf 91' lang='lat' dir='ltr'><strong>mine</strong></span> 
     </span>
     <span class='ocr_line' id='line_1_6' title="bbox 265 990 1457 1078; baseline 0.003 -23"><span class='ocrx_word' id='word_1_47' title='bbox 265 992 392 1078; x_wconf 89' lang='lat' dir='ltr'><strong>eyhnen</strong></span> <span class='ocrx_word' id='word_1_48' title='bbox 412 995 528 1056; x_wconf 90' lang='lat' dir='ltr'><strong>misten</strong></span> <span class='ocrx_word' id='word_1_49' title='bbox 551 990 616 1055; x_wconf 90' lang='lat' dir='ltr'><strong>and</strong></span> <span class='ocrx_word' id='word_1_50' title='bbox 637 993 722 1055; x_wconf 92' lang='lat' dir='ltr'><strong>mine</strong></span> <span class='ocrx_word' id='word_1_51' title='bbox 744 991 844 1055; x_wconf 90' lang='lat' dir='ltr'><strong>heren</strong></span> <span class='ocrx_word' id='word_1_52' title='bbox 868 990 975 1056; x_wconf 89' lang='lat' dir='ltr'><strong>dissen</strong></span> <span class='ocrx_word' id='word_1_53' title='bbox 996 991 1070 1056; x_wconf 88' lang='lat' dir='ltr'><strong>And</strong></span> <span class='ocrx_word' id='word_1_54' title='bbox 1094 995 1138 1056; x_wconf 93' lang='lat' dir='ltr'><strong>mi</strong></span> <span class='ocrx_word' id='word_1_55' title='bbox 1160 1014 1238 1056; x_wconf 88' lang='lat' dir='ltr'><strong>nose</strong></span> <span class='ocrx_word' id='word_1_56' title='bbox 1260 992 1372 1058; x_wconf 90' lang='lat' dir='ltr'><strong>koldet</strong></span> <span class='ocrx_word' id='word_1_57' title='bbox 1394 993 1457 1058; x_wconf 88' lang='lat' dir='ltr'><strong>and</strong></span> 
     </span>
     <span class='ocr_line' id='line_1_7' title="bbox 264 1094 1456 1181; baseline 0.002 -20"><span class='ocrx_word' id='word_1_58' title='bbox 264 1099 308 1161; x_wconf 93' lang='lat' dir='ltr'><strong>mi</strong></span> <span class='ocrx_word' id='word_1_59' title='bbox 329 1108 427 1181; x_wconf 87' lang='lat' dir='ltr'><strong>tunge</strong></span> <span class='ocrx_word' id='word_1_60' title='bbox 447 1095 559 1160; x_wconf 86' lang='lat' dir='ltr'><strong>ffoldet</strong></span> <span class='ocrx_word' id='word_1_61' title='bbox 573 1095 643 1160; x_wconf 89' lang='grc' dir='ltr'><strong>ὥσ]</strong></span> <span class='ocrx_word' id='word_1_62' title='bbox 658 1133 701 1142; x_wconf 96' lang='grc'>-</span> <span class='ocrx_word' id='word_1_63' title='bbox 718 1094 857 1178; x_wconf 83' lang='lat' dir='ltr'><strong>(Andere</strong></span> <span class='ocrx_word' id='word_1_64' title='bbox 875 1095 1001 1181; x_wconf 78' lang='lat' dir='ltr'><strong>Hand.)</strong></span> <span class='ocrx_word' id='word_1_65' title='bbox 1069 1096 1123 1161; x_wconf 87' lang='grc'><strong>12.</strong></span> <span class='ocrx_word' id='word_1_66' title='bbox 1141 1096 1264 1173; x_wconf 86' lang='lat' dir='ltr'><strong>,Sermo</strong></span> <span class='ocrx_word' id='word_1_67' title='bbox 1280 1097 1319 1161; x_wconf 92' lang='lat' dir='ltr'><strong>B.</strong></span> <span class='ocrx_word' id='word_1_68' title='bbox 1336 1097 1456 1181; x_wconf 84' lang='lat' dir='ltr'><strong>Augu-</strong></span> 
     </span>
     <span class='ocr_line' id='line_1_8' title="bbox 264 1199 1459 1287; baseline 0.003 -23"><span class='ocrx_word' id='word_1_69' title='bbox 264 1203 355 1265; x_wconf 91' lang='lat' dir='ltr'><strong>stini</strong></span> <span class='ocrx_word' id='word_1_70' title='bbox 386 1201 427 1265; x_wconf 90' lang='lat' dir='ltr'><strong>de</strong></span> <span class='ocrx_word' id='word_1_71' title='bbox 457 1203 607 1264; x_wconf 87' lang='lat' dir='ltr'><strong>triuitate.</strong></span> <span class='ocrx_word' id='word_1_72' title='bbox 640 1200 741 1282; x_wconf 75' lang='lat' dir='ltr'><strong>Beata</strong></span> <span class='ocrx_word' id='word_1_73' title='bbox 776 1199 829 1263; x_wconf 87' lang='lat' dir='ltr'><strong>illa</strong></span> <span class='ocrx_word' id='word_1_74' title='bbox 858 1210 890 1263; x_wconf 89' lang='lat' dir='ltr'><strong>et</strong></span> <span class='ocrx_word' id='word_1_75' title='bbox 920 1202 1114 1285; x_wconf 88' lang='lat' dir='ltr'><strong>sempiterna</strong></span> <span class='ocrx_word' id='word_1_76' title='bbox 1148 1203 1274 1264; x_wconf 79' lang='lat' dir='ltr'><strong>trinitas</strong></span> <span class='ocrx_word' id='word_1_77' title='bbox 1306 1213 1398 1287; x_wconf 85' lang='lat' dir='ltr'><strong>pater</strong></span> <span class='ocrx_word' id='word_1_78' title='bbox 1428 1214 1459 1268; x_wconf 91' lang='lat' dir='ltr'><strong>et</strong></span> 
     </span>
     <span class='ocr_line' id='line_1_9' title="bbox 263 1305 1382 1391; baseline 0.002 -22"><span class='ocrx_word' id='word_1_79' title='bbox 263 1305 347 1370; x_wconf 89' lang='lat' dir='ltr'><strong>filius</strong></span> <span class='ocrx_word' id='word_1_80' title='bbox 375 1315 406 1369; x_wconf 97' lang='lat' dir='ltr'><strong>et</strong></span> <span class='ocrx_word' id='word_1_81' title='bbox 437 1308 567 1390; x_wconf 89' lang='lat' dir='ltr'><strong>spiritus</strong></span> <span class='ocrx_word' id='word_1_82' title='bbox 600 1314 730 1370; x_wconf 88' lang='lat' dir='ltr'><strong>sanctus</strong></span> <span class='ocrx_word' id='word_1_83' title='bbox 760 1327 843 1370; x_wconf 85' lang='lat' dir='ltr'><strong>unus</strong></span> <span class='ocrx_word' id='word_1_84' title='bbox 875 1305 954 1370; x_wconf 89' lang='lat' dir='ltr'><strong>deus</strong></span> <span class='ocrx_word' id='word_1_85' title='bbox 986 1328 1111 1370; x_wconf 91' lang='lat' dir='ltr'><strong>summa</strong></span> <span class='ocrx_word' id='word_1_86' title='bbox 1141 1309 1283 1391; x_wconf 88' lang='lat' dir='ltr'><strong>potentia</strong></span> <span class='ocrx_word' id='word_1_87' title='bbox 1311 1305 1382 1371; x_wconf 89' lang='grc' dir='ltr'><strong>ὥσ]</strong></span> 
     </span>
     <span class='ocr_line' id='line_1_10' title="bbox 264 1409 1457 1496; baseline -0.001 -17"><span class='ocrx_word' id='word_1_88' title='bbox 264 1412 317 1479; x_wconf 80' lang='grc'><strong>13.</strong></span> <span class='ocrx_word' id='word_1_89' title='bbox 341 1410 464 1492; x_wconf 89' lang='lat' dir='ltr'><strong>‚Sermo</strong></span> <span class='ocrx_word' id='word_1_90' title='bbox 480 1410 517 1474; x_wconf 93' lang='lat' dir='ltr'><strong>B.</strong></span> <span class='ocrx_word' id='word_1_91' title='bbox 535 1411 721 1495; x_wconf 84' lang='lat' dir='ltr'><strong>Gregorii</strong></span> <span class='ocrx_word' id='word_1_92' title='bbox 745 1409 785 1474; x_wconf 94' lang='lat' dir='ltr'><strong>de</strong></span> <span class='ocrx_word' id='word_1_93' title='bbox 808 1432 892 1495; x_wconf 90' lang='lat' dir='ltr'><strong>agno</strong></span> <span class='ocrx_word' id='word_1_94' title='bbox 915 1409 1067 1496; x_wconf 89' lang='lat' dir='ltr'><strong>paschali.</strong></span> <span class='ocrx_word' id='word_1_95' title='bbox 1093 1411 1228 1476; x_wconf 88' lang='lat' dir='ltr'><strong>Sument</strong></span> <span class='ocrx_word' id='word_1_96' title='bbox 1244 1411 1284 1475; x_wconf 94' lang='lat' dir='ltr'><strong>de</strong></span> <span class='ocrx_word' id='word_1_97' title='bbox 1301 1416 1457 1496; x_wconf 88' lang='lat' dir='ltr'><strong>sanguine</strong></span> 
     </span>
     <span class='ocr_line' id='line_1_11' title="bbox 264 1513 1460 1602; baseline 0.001 -23"><span class='ocrx_word' id='word_1_98' title='bbox 264 1518 338 1602; x_wconf 84' lang='lat' dir='ltr'><strong>agni</strong></span> <span class='ocrx_word' id='word_1_99' title='bbox 366 1539 404 1579; x_wconf 88' lang='lat' dir='ltr'><strong>ac</strong></span> <span class='ocrx_word' id='word_1_100' title='bbox 431 1527 550 1601; x_wconf 86' lang='lat' dir='ltr'><strong>ponent</strong></span> <span class='ocrx_word' id='word_1_101' title='bbox 577 1537 674 1601; x_wconf 92' lang='lat' dir='ltr'><strong>super</strong></span> <span class='ocrx_word' id='word_1_102' title='bbox 700 1525 873 1601; x_wconf 88' lang='lat' dir='ltr'><strong>utrumque</strong></span> <span class='ocrx_word' id='word_1_103' title='bbox 901 1525 1025 1601; x_wconf 84' lang='lat' dir='ltr'><strong>postem</strong></span> <span class='ocrx_word' id='word_1_104' title='bbox 1053 1513 1123 1579; x_wconf 90' lang='grc' dir='ltr'><strong>ὥσ]</strong></span> <span class='ocrx_word' id='word_1_105' title='bbox 1151 1513 1236 1598; x_wconf 79' lang='lat' dir='ltr'><strong>(Aua</strong></span> <span class='ocrx_word' id='word_1_106' title='bbox 1259 1517 1341 1581; x_wconf 77' lang='lat' dir='ltr'><strong>hom.</strong></span> <span class='ocrx_word' id='word_1_107' title='bbox 1359 1517 1460 1580; x_wconf 83' lang='lat' dir='ltr'><em>XXII</em></span> 
     </span>
     <span class='ocr_line' id='line_1_12' title="bbox 264 1619 1458 1706; baseline 0.002 -22"><span class='ocrx_word' id='word_1_108' title='bbox 264 1623 300 1684; x_wconf 83' lang='lat' dir='ltr'><strong>ia</strong></span> <span class='ocrx_word' id='word_1_109' title='bbox 314 1621 481 1706; x_wconf 64' lang='lat' dir='ltr'><strong>Evangel.;</strong></span> <span class='ocrx_word' id='word_1_110' title='bbox 503 1621 678 1706; x_wconf 82' lang='lat'><em>76,1178.)</em></span> <span class='ocrx_word' id='word_1_111' title='bbox 743 1621 796 1685; x_wconf 76' lang='lat'><strong>14.</strong></span> <span class='ocrx_word' id='word_1_112' title='bbox 818 1619 1028 1705; x_wconf 86' lang='lat' dir='ltr'><strong>,Symbolum</strong></span> <span class='ocrx_word' id='word_1_113' title='bbox 1050 1619 1156 1685; x_wconf 80' lang='lat' dir='ltr'><strong>Credo</strong></span> <span class='ocrx_word' id='word_1_114' title='bbox 1175 1623 1208 1682; x_wconf 93' lang='lat' dir='ltr'><strong>in</strong></span> <span class='ocrx_word' id='word_1_115' title='bbox 1229 1619 1337 1685; x_wconf 89' lang='lat' dir='ltr'><strong>deum.</strong></span> <span class='ocrx_word' id='word_1_116' title='bbox 1359 1621 1458 1686; x_wconf 83' lang='lat' dir='ltr'><strong>Aliud</strong></span> 
     </span>
     <span class='ocr_line' id='line_1_13' title="bbox 264 1724 1457 1807; baseline 0 -17"><span class='ocrx_word' id='word_1_117' title='bbox 264 1736 312 1791; x_wconf 90' lang='lat' dir='ltr'><strong>est</strong></span> <span class='ocrx_word' id='word_1_118' title='bbox 328 1725 460 1790; x_wconf 88' lang='lat' dir='ltr'><strong>credere</strong></span> <span class='ocrx_word' id='word_1_119' title='bbox 481 1725 552 1807; x_wconf 89' lang='lat' dir='ltr'><strong>deo,</strong></span> <span class='ocrx_word' id='word_1_120' title='bbox 574 1724 660 1788; x_wconf 92' lang='lat' dir='ltr'><strong>aliud</strong></span> <span class='ocrx_word' id='word_1_121' title='bbox 683 1724 816 1788; x_wconf 88' lang='lat' dir='ltr'><strong>credere</strong></span> <span class='ocrx_word' id='word_1_122' title='bbox 837 1724 943 1807; x_wconf 85' lang='lat' dir='ltr'><strong>deum,</strong></span> <span class='ocrx_word' id='word_1_123' title='bbox 964 1724 1049 1788; x_wconf 91' lang='lat' dir='ltr'><strong>aliud</strong></span> <span class='ocrx_word' id='word_1_124' title='bbox 1072 1725 1205 1790; x_wconf 89' lang='lat' dir='ltr'><strong>credere</strong></span> <span class='ocrx_word' id='word_1_125' title='bbox 1221 1726 1254 1788; x_wconf 90' lang='lat' dir='ltr'><strong>in</strong></span> <span class='ocrx_word' id='word_1_126' title='bbox 1275 1724 1373 1790; x_wconf 86' lang='lat' dir='ltr'><strong>deum</strong></span> <span class='ocrx_word' id='word_1_127' title='bbox 1388 1725 1457 1790; x_wconf 88' lang='grc' dir='ltr'><strong>ὥσ]</strong></span> 
     </span>
     <span class='ocr_line' id='line_1_14' title="bbox 266 1829 1457 1915; baseline 0.002 -23"><span class='ocrx_word' id='word_1_128' title='bbox 266 1829 394 1915; x_wconf 81' lang='lat' dir='ltr'><strong>(Petrus</strong></span> <span class='ocrx_word' id='word_1_129' title='bbox 413 1829 655 1908; x_wconf 52' lang='lat' dir='ltr'><strong>Ausetanos&amp;</strong></span> <span class='ocrx_word' id='word_1_130' title='bbox 675 1831 749 1911; x_wconf 82' lang='lat'><strong><em>178,</em></strong></span> <span class='ocrx_word' id='word_1_131' title='bbox 765 1830 854 1914; x_wconf 83' lang='lat'><strong><em>621.)</em></strong></span> <span class='ocrx_word' id='word_1_132' title='bbox 920 1830 975 1896; x_wconf 80' lang='lat'><strong>15.</strong></span> <span class='ocrx_word' id='word_1_133' title='bbox 993 1829 1125 1910; x_wconf 88' lang='lat' dir='ltr'><strong>,Soluite</strong></span> <span class='ocrx_word' id='word_1_134' title='bbox 1149 1839 1181 1892; x_wconf 88' lang='lat' dir='ltr'><strong>et</strong></span> <span class='ocrx_word' id='word_1_135' title='bbox 1203 1829 1357 1894; x_wconf 86' lang='lat' dir='ltr'><strong>adducite</strong></span> <span class='ocrx_word' id='word_1_136' title='bbox 1380 1831 1457 1894; x_wconf 92' lang='lat' dir='ltr'><strong>mihi</strong></span> 
     </span>
     <span class='ocr_line' id='line_1_15' title="bbox 266 1933 1457 2020; baseline 0.001 -22"><span class='ocrx_word' id='word_1_137' title='bbox 266 1935 396 2016; x_wconf 69' lang='lat' dir='ltr'><strong>(Maura</strong></span> <span class='ocrx_word' id='word_1_138' title='bbox 417 1937 469 2018; x_wconf 81' lang='lat'><strong>21,</strong></span> <span class='ocrx_word' id='word_1_139' title='bbox 493 1936 538 2020; x_wconf 83' lang='lat'><strong>2).</strong></span> <span class='ocrx_word' id='word_1_140' title='bbox 571 1933 761 2018; x_wconf 78' lang='lat' dir='ltr'><strong>Legitur(l)</strong></span> <span class='ocrx_word' id='word_1_141' title='bbox 793 1937 825 1998; x_wconf 94' lang='lat' dir='ltr'><strong>in</strong></span> <span class='ocrx_word' id='word_1_142' title='bbox 856 1933 1029 2018; x_wconf 61' lang='lat' dir='ltr'><strong>Jerpmia)</strong></span> <span class='ocrx_word' id='word_1_143' title='bbox 1055 1933 1163 1997; x_wconf 87' lang='lat' dir='ltr'>XIIII.</span> <span class='ocrx_word' id='word_1_144' title='bbox 1197 1936 1336 1998; x_wconf 86' lang='lat' dir='ltr'><strong>maiores</strong></span> <span class='ocrx_word' id='word_1_145' title='bbox 1367 1936 1457 1999; x_wconf 86' lang='lat' dir='ltr'><strong>mise·</strong></span> 
     </span>
     <span class='ocr_line' id='line_1_16' title="bbox 263 2037 1456 2125; baseline -0.003 -19"><span class='ocrx_word' id='word_1_146' title='bbox 263 2050 340 2106; x_wconf 91' lang='lat' dir='ltr'><strong>runt</strong></span> <span class='ocrx_word' id='word_1_147' title='bbox 361 2039 401 2103; x_wconf 88' lang='lat' dir='ltr'><strong>ad</strong></span> <span class='ocrx_word' id='word_1_148' title='bbox 425 2062 543 2125; x_wconf 89' lang='lat' dir='ltr'><strong>aquam</strong></span> <span class='ocrx_word' id='word_1_149' title='bbox 566 2049 725 2103; x_wconf 90' lang='lat' dir='ltr'><strong>uenerunt</strong></span> <span class='ocrx_word' id='word_1_150' title='bbox 747 2038 792 2102; x_wconf 91' lang='lat' dir='ltr'><strong>illi</strong></span> <span class='ocrx_word' id='word_1_151' title='bbox 814 2037 884 2102; x_wconf 91' lang='grc' dir='ltr'><strong>ὥσ]</strong></span> <span class='ocrx_word' id='word_1_152' title='bbox 936 2038 990 2103; x_wconf 82' lang='grc'><strong>16.</strong></span> <span class='ocrx_word' id='word_1_153' title='bbox 1015 2037 1111 2121; x_wconf 84' lang='lat' dir='ltr'><strong>,Ecce</strong></span> <span class='ocrx_word' id='word_1_154' title='bbox 1133 2059 1219 2101; x_wconf 88' lang='lat' dir='ltr'><strong>nunc</strong></span> <span class='ocrx_word' id='word_1_155' title='bbox 1242 2037 1312 2102; x_wconf 91' lang='lat' dir='ltr'><strong>dies</strong></span> <span class='ocrx_word' id='word_1_156' title='bbox 1336 2038 1456 2103; x_wconf 85' lang='lat' dir='ltr'><strong>salutis.</strong></span> 
     </span>
     <span class='ocr_line' id='line_1_17' title="bbox 266 2141 1457 2228; baseline -0.002 -21"><span class='ocrx_word' id='word_1_157' title='bbox 266 2146 300 2228; x_wconf 90' lang='grc'><strong>(2</strong></span> <span class='ocrx_word' id='word_1_158' title='bbox 316 2143 406 2222; x_wconf 86' lang='lat' dir='ltr'><strong>Cor.‚·</strong></span> <span class='ocrx_word' id='word_1_159' title='bbox 420 2145 451 2227; x_wconf 80' lang='lat'><strong>6,</strong></span> <span class='ocrx_word' id='word_1_160' title='bbox 465 2145 509 2228; x_wconf 96' lang='grc'><strong>2.)</strong></span> <span class='ocrx_word' id='word_1_161' title='bbox 534 2142 587 2208; x_wconf 88' lang='lat' dir='ltr'><strong>Ad</strong></span> <span class='ocrx_word' id='word_1_162' title='bbox 607 2143 746 2208; x_wconf 84' lang='lat' dir='ltr'><strong>litteram</strong></span> <span class='ocrx_word' id='word_1_163' title='bbox 767 2145 831 2207; x_wconf 92' lang='lat' dir='ltr'><strong>iam</strong></span> <span class='ocrx_word' id='word_1_164' title='bbox 851 2145 972 2206; x_wconf 77' lang='lat' dir='ltr'><strong>Instant</strong></span> <span class='ocrx_word' id='word_1_165' title='bbox 992 2142 1060 2206; x_wconf 88' lang='lat' dir='ltr'><strong>dies</strong></span> <span class='ocrx_word' id='word_1_166' title='bbox 1082 2144 1113 2205; x_wconf 90' lang='lat' dir='ltr'><strong>in</strong></span> <span class='ocrx_word' id='word_1_167' title='bbox 1128 2141 1246 2227; x_wconf 90' lang='lat' dir='ltr'><strong>quibus</strong></span> <span class='ocrx_word' id='word_1_168' title='bbox 1266 2141 1339 2206; x_wconf 86' lang='grc' dir='ltr'><strong>ὥσ]</strong></span> <span class='ocrx_word' id='word_1_169' title='bbox 1363 2142 1457 2206; x_wconf 71' lang='lat' dir='ltr'><strong>Nacti</strong></span> 
     </span>
     <span class='ocr_line' id='line_1_18' title="bbox 257 2245 1457 2335; baseline 0.001 -24"><span class='ocrx_word' id='word_1_170' title='bbox 257 2249 352 2335; x_wconf 75' lang='lat' dir='ltr'><strong>filus</strong></span> <span class='ocrx_word' id='word_1_171' title='bbox 368 2247 475 2311; x_wconf 77' lang='lat' dir='ltr'><strong>Seiten</strong></span> <span class='ocrx_word' id='word_1_172' title='bbox 501 2248 554 2310; x_wconf 81' lang='lat' dir='ltr'><strong>eia</strong></span> <span class='ocrx_word' id='word_1_173' title='bbox 581 2269 680 2311; x_wconf 74' lang='lat' dir='ltr'><strong>aecer</strong></span> <span class='ocrx_word' id='word_1_174' title='bbox 707 2245 840 2310; x_wconf 81' lang='lat' dir='ltr'><strong>Abaatz:</strong></span> <span class='ocrx_word' id='word_1_175' title='bbox 867 2247 1008 2330; x_wconf 82' lang='lat' dir='ltr'><strong>‚Fratres</strong></span> <span class='ocrx_word' id='word_1_176' title='bbox 1036 2247 1198 2311; x_wconf 78' lang='lat' dir='ltr'><strong>karissimi</strong></span> <span class='ocrx_word' id='word_1_177' title='bbox 1226 2247 1327 2312; x_wconf 91' lang='lat' dir='ltr'><strong>nolite</strong></span> <span class='ocrx_word' id='word_1_178' title='bbox 1355 2247 1457 2333; x_wconf 86' lang='lat' dir='ltr'><strong>despi-</strong></span> 
     </span>
     <span class='ocr_line' id='line_1_19' title="bbox 263 2350 1456 2437; baseline -0.002 -19"><span class='ocrx_word' id='word_1_179' title='bbox 263 2376 336 2418; x_wconf 88' lang='lat' dir='ltr'><strong>cere</strong></span> <span class='ocrx_word' id='word_1_180' title='bbox 362 2352 431 2416; x_wconf 90' lang='grc' dir='ltr'><strong>ὥσ]</strong></span> <span class='ocrx_word' id='word_1_181' title='bbox 469 2352 588 2416; x_wconf 77' lang='lat' dir='ltr'><strong>Brictt</strong></span> <span class='ocrx_word' id='word_1_182' title='bbox 615 2350 857 2437; x_wconf 74' lang='lat' dir='ltr'><strong>aavollstitadip</strong></span> <span class='ocrx_word' id='word_1_183' title='bbox 883 2352 958 2414; x_wconf 86' lang='lat' dir='ltr'><strong>mit:</strong></span> <span class='ocrx_word' id='word_1_184' title='bbox 985 2354 1051 2436; x_wconf 90' lang='lat' dir='ltr'><strong>,qui</strong></span> <span class='ocrx_word' id='word_1_185' title='bbox 1079 2373 1155 2435; x_wconf 89' lang='lat' dir='ltr'><strong>ergo</strong></span> <span class='ocrx_word' id='word_1_186' title='bbox 1183 2350 1254 2416; x_wconf 90' lang='lat' dir='ltr'><strong>uult</strong></span> <span class='ocrx_word' id='word_1_187' title='bbox 1280 2353 1456 2417; x_wconf 85' lang='lat' dir='ltr'><strong>misericor-</strong></span> 
     </span>
     <span class='ocr_line' id='line_1_20' title="bbox 264 2455 460 2542; baseline -0.015 -20"><span class='ocrx_word' id='word_1_188' title='bbox 264 2457 349 2522; x_wconf 82' lang='lat' dir='ltr'><strong>diam</strong></span> <span class='ocrx_word' id='word_1_189' title='bbox 363 2458 387 2542; x_wconf 72' lang='lat' dir='ltr'><strong>ll‘</strong></span> <span class='ocrx_word' id='word_1_190' title='bbox 411 2455 460 2520; x_wconf 82' lang='lat' dir='ltr'><strong>ab.</strong></span> 
     </span>
     <span class='ocr_line' id='line_1_21' title="bbox 1352 2570 1434 2624; baseline 0 -1"><span class='ocrx_word' id='word_1_191' title='bbox 1352 2570 1434 2624; x_wconf 87' lang='grc'><strong>2192</strong></span> 
     </span>
    </p>

    <p class='ocr_par' dir='ltr' id='par_1_3' title="bbox 260 2663 1459 4214">
     <span class='ocr_line' id='line_1_22' title="bbox 366 2663 1457 2749; baseline 0.002 -22"><span class='ocrx_word' id='word_1_192' title='bbox 366 2674 403 2730; x_wconf 87' lang='grc' dir='ltr'><strong>Β.</strong></span> <span class='ocrx_word' id='word_1_193' title='bbox 420 2674 450 2729; x_wconf 79' lang='lat'><strong>2.</strong></span> <span class='ocrx_word' id='word_1_194' title='bbox 469 2675 485 2728; x_wconf 93' lang='lat'>1</span> <span class='ocrx_word' id='word_1_195' title='bbox 510 2671 609 2743; x_wconf 74' lang='grc'><strong>(281).</strong></span> <span class='ocrx_word' id='word_1_196' title='bbox 631 2687 683 2744; x_wconf 75' lang='lat' dir='ltr'><strong>na,</strong></span> <span class='ocrx_word' id='word_1_197' title='bbox 703 2686 728 2728; x_wconf 84' lang='lat' dir='ltr'><strong>a.</strong></span> <span class='ocrx_word' id='word_1_198' title='bbox 744 2663 838 2728; x_wconf 87' lang='lat' dir='ltr'>XIII.</span> <span class='ocrx_word' id='word_1_199' title='bbox 862 2663 1021 2730; x_wconf 86' lang='lat' dir='ltr'><strong>Bernardi</strong></span> <span class='ocrx_word' id='word_1_200' title='bbox 1038 2664 1277 2728; x_wconf 87' lang='lat' dir='ltr'><strong>exhortationes</strong></span> <span class='ocrx_word' id='word_1_201' title='bbox 1293 2663 1337 2728; x_wconf 89' lang='lat' dir='ltr'><strong>ad</strong></span> <span class='ocrx_word' id='word_1_202' title='bbox 1353 2663 1457 2749; x_wconf 80' lang='lat' dir='ltr'><strong>Euge</strong></span> 
     </span>
     <span class='ocr_line' id='line_1_23' title="bbox 263 2768 1456 2856; baseline -0.002 -21"><span class='ocrx_word' id='word_1_203' title='bbox 263 2774 351 2836; x_wconf 91' lang='lat' dir='ltr'><strong>nium</strong></span> <span class='ocrx_word' id='word_1_204' title='bbox 379 2772 501 2856; x_wconf 84' lang='lat' dir='ltr'><strong>Papam</strong></span> <span class='ocrx_word' id='word_1_205' title='bbox 533 2768 676 2855; x_wconf 86' lang='lat' dir='ltr'><strong>(videtur</strong></span> <span class='ocrx_word' id='word_1_206' title='bbox 703 2793 746 2833; x_wconf 86' lang='lat' dir='ltr'><strong>ex</strong></span> <span class='ocrx_word' id='word_1_207' title='bbox 773 2769 923 2852; x_wconf 82' lang='lat' dir='ltr'><strong>Gregorii</strong></span> <span class='ocrx_word' id='word_1_208' title='bbox 953 2768 1127 2833; x_wconf 85' lang='lat' dir='ltr'><strong>moralibus</strong></span> <span class='ocrx_word' id='word_1_209' title='bbox 1158 2791 1228 2832; x_wconf 89' lang='lat' dir='ltr'><strong>esse</strong></span> <span class='ocrx_word' id='word_1_210' title='bbox 1255 2770 1456 2855; x_wconf 86' lang='lat' dir='ltr'><strong>exscriptum</strong></span> 
     </span>
     <span class='ocr_line' id='line_1_24' title="bbox 262 2871 1455 2961; baseline -0.003 -21"><span class='ocrx_word' id='word_1_211' title='bbox 262 2898 320 2961; x_wconf 88' lang='lat' dir='ltr'><strong>per</strong></span> <span class='ocrx_word' id='word_1_212' title='bbox 346 2877 477 2940; x_wconf 89' lang='lat' dir='ltr'><strong>Petrum</strong></span> <span class='ocrx_word' id='word_1_213' title='bbox 505 2873 802 2959; x_wconf 80' lang='lat' dir='ltr'><strong>Arclridiacouum).</strong></span> <span class='ocrx_word' id='word_1_214' title='bbox 830 2872 872 2936; x_wconf 83' lang='lat' dir='ltr'><strong>So</strong></span> <span class='ocrx_word' id='word_1_215' title='bbox 900 2874 958 2937; x_wconf 85' lang='lat' dir='ltr'><strong>der</strong></span> <span class='ocrx_word' id='word_1_216' title='bbox 985 2871 1280 2957; x_wconf 66' lang='lat' dir='ltr'><strong>hoadsclsaistlielae</strong></span> <span class='ocrx_word' id='word_1_217' title='bbox 1304 2872 1455 2958; x_wconf 81' lang='lat' dir='ltr'><strong>Katalop.</strong></span> 
     </span>
     <span class='ocr_line' id='line_1_25' title="bbox 262 2977 1456 3064; baseline -0.001 -21"><span class='ocrx_word' id='word_1_218' title='bbox 262 2981 326 3044; x_wconf 81' lang='lat' dir='ltr'><strong>Dio</strong></span> <span class='ocrx_word' id='word_1_219' title='bbox 347 2978 569 3063; x_wconf 80' lang='lat' dir='ltr'><strong>Handaclzrift</strong></span> <span class='ocrx_word' id='word_1_220' title='bbox 588 2980 645 3041; x_wconf 74' lang='lat' dir='ltr'><strong>Itat</strong></span> <span class='ocrx_word' id='word_1_221' title='bbox 664 2980 818 3042; x_wconf 79' lang='lat' dir='ltr'><strong>zuadclrst</strong></span> <span class='ocrx_word' id='word_1_222' title='bbox 841 2979 911 3064; x_wconf 81' lang='lat' dir='ltr'><strong>auf</strong></span> <span class='ocrx_word' id='word_1_223' title='bbox 922 2977 985 3063; x_wconf 88' lang='lat' dir='ltr'><strong>fol.</strong></span> <span class='ocrx_word' id='word_1_224' title='bbox 1003 2980 1020 3039; x_wconf 88' lang='lat'><em>1</em></span> <span class='ocrx_word' id='word_1_225' title='bbox 1043 2979 1112 3042; x_wconf 82' lang='lat' dir='ltr'><strong>aine</strong></span> <span class='ocrx_word' id='word_1_226' title='bbox 1133 2977 1260 3043; x_wconf 84' lang='lat' dir='ltr'><strong>Tabula</strong></span> <span class='ocrx_word' id='word_1_227' title='bbox 1284 2977 1324 3042; x_wconf 89' lang='lat' dir='ltr'><strong>de</strong></span> <span class='ocrx_word' id='word_1_228' title='bbox 1349 3001 1456 3064; x_wconf 70' lang='lat' dir='ltr'><strong>snper</strong></span> 
     </span>
     <span class='ocr_line' id='line_1_26' title="bbox 263 3082 1456 3170; baseline -0.001 -22"><span class='ocrx_word' id='word_1_229' title='bbox 263 3085 317 3149; x_wconf 92' lang='lat' dir='ltr'><strong>bia</strong></span> <span class='ocrx_word' id='word_1_230' title='bbox 337 3095 368 3149; x_wconf 90' lang='lat' dir='ltr'><strong>et</strong></span> <span class='ocrx_word' id='word_1_231' title='bbox 389 3095 511 3168; x_wconf 90' lang='lat' dir='ltr'><strong>septem</strong></span> <span class='ocrx_word' id='word_1_232' title='bbox 536 3083 767 3170; x_wconf 86' lang='lat' dir='ltr'><strong>principalibus</strong></span> <span class='ocrx_word' id='word_1_233' title='bbox 789 3085 879 3148; x_wconf 89' lang='lat' dir='ltr'><strong>uiciis</strong></span> <span class='ocrx_word' id='word_1_234' title='bbox 899 3084 968 3146; x_wconf 81' lang='lat' dir='ltr'><strong>und</strong></span> <span class='ocrx_word' id='word_1_235' title='bbox 988 3082 1071 3168; x_wconf 83' lang='lat' dir='ltr'><strong>(auf</strong></span> <span class='ocrx_word' id='word_1_236' title='bbox 1082 3082 1147 3168; x_wconf 88' lang='lat' dir='ltr'><strong>fol.</strong></span> <span class='ocrx_word' id='word_1_237' title='bbox 1164 3083 1217 3167; x_wconf 68' lang='lat' dir='ltr'><strong>Il)</strong></span> <span class='ocrx_word' id='word_1_238' title='bbox 1239 3083 1309 3145; x_wconf 80' lang='lat' dir='ltr'><strong>eiua</strong></span> <span class='ocrx_word' id='word_1_239' title='bbox 1330 3082 1456 3147; x_wconf 84' lang='lat' dir='ltr'><strong>Tabula</strong></span> 
     </span>
     <span class='ocr_line' id='line_1_27' title="bbox 263 3185 1455 3272; baseline -0.001 -18"><span class='ocrx_word' id='word_1_240' title='bbox 263 3190 304 3254; x_wconf 93' lang='lat' dir='ltr'><strong>de</strong></span> <span class='ocrx_word' id='word_1_241' title='bbox 333 3188 506 3253; x_wconf 89' lang='lat' dir='ltr'><strong>uirtutibus</strong></span> <span class='ocrx_word' id='word_1_242' title='bbox 534 3200 566 3252; x_wconf 86' lang='lat' dir='ltr'><strong>et</strong></span> <span class='ocrx_word' id='word_1_243' title='bbox 593 3191 684 3254; x_wconf 89' lang='lat' dir='ltr'><strong>uiciis</strong></span> <span class='ocrx_word' id='word_1_244' title='bbox 711 3211 784 3253; x_wconf 87' lang='lat' dir='ltr'><strong>cum</strong></span> <span class='ocrx_word' id='word_1_245' title='bbox 811 3186 966 3272; x_wconf 91' lang='lat' dir='ltr'><strong>gradibus</strong></span> <span class='ocrx_word' id='word_1_246' title='bbox 991 3185 1078 3250; x_wconf 73' lang='lat' dir='ltr'><strong>trabat</strong></span> <span class='ocrx_word' id='word_1_247' title='bbox 1101 3187 1189 3250; x_wconf 80' lang='lat' dir='ltr'><strong>einer</strong></span> <span class='ocrx_word' id='word_1_248' title='bbox 1211 3186 1306 3252; x_wconf 86' lang='lat' dir='ltr'><strong>Scala</strong></span> <span class='ocrx_word' id='word_1_249' title='bbox 1333 3186 1455 3253; x_wconf 88' lang='lat' dir='ltr'><strong>humili·</strong></span> 
     </span>
     <span class='ocr_line' id='line_1_28' title="bbox 261 3290 1456 3376; baseline -0.003 -18"><span class='ocrx_word' id='word_1_250' title='bbox 261 3295 337 3358; x_wconf 88' lang='lat' dir='ltr'><strong>tatis</strong></span> <span class='ocrx_word' id='word_1_251' title='bbox 359 3296 393 3357; x_wconf 91' lang='lat' dir='ltr'><strong>in</strong></span> <span class='ocrx_word' id='word_1_252' title='bbox 415 3292 631 3357; x_wconf 89' lang='lat' dir='ltr'><strong>ascendendo.</strong></span> <span class='ocrx_word' id='word_1_253' title='bbox 661 3293 775 3354; x_wconf 81' lang='lat' dir='ltr'><strong>Dana:</strong></span> <span class='ocrx_word' id='word_1_254' title='bbox 798 3291 965 3375; x_wconf 85' lang='lat' dir='ltr'><strong>,Prologus</strong></span> <span class='ocrx_word' id='word_1_255' title='bbox 988 3295 1021 3355; x_wconf 95' lang='lat' dir='ltr'><strong>in</strong></span> <span class='ocrx_word' id='word_1_256' title='bbox 1047 3290 1165 3356; x_wconf 88' lang='lat' dir='ltr'><strong>librum</strong></span> <span class='ocrx_word' id='word_1_257' title='bbox 1187 3300 1379 3376; x_wconf 85' lang='lat' dir='ltr'><strong>sequentem</strong></span> <span class='ocrx_word' id='word_1_258' title='bbox 1401 3294 1456 3376; x_wconf 89' lang='lat' dir='ltr'><strong>qui</strong></span> 
     </span>
     <span class='ocr_line' id='line_1_29' title="bbox 261 3394 1456 3463; baseline -0.003 0"><span class='ocrx_word' id='word_1_259' title='bbox 261 3398 490 3463; x_wconf 88' lang='lat' dir='ltr'><strong>remediarium</strong></span> <span class='ocrx_word' id='word_1_260' title='bbox 513 3419 740 3462; x_wconf 88' lang='lat' dir='ltr'><strong>conuersorum</strong></span> <span class='ocrx_word' id='word_1_261' title='bbox 768 3396 893 3460; x_wconf 91' lang='lat' dir='ltr'><strong>dicitur.</strong></span> <span class='ocrx_word' id='word_1_262' title='bbox 930 3395 1009 3460; x_wconf 90' lang='lat' dir='ltr'><strong>Viro</strong></span> <span class='ocrx_word' id='word_1_263' title='bbox 1032 3394 1209 3460; x_wconf 88' lang='lat' dir='ltr'><strong>uenerabili</strong></span> <span class='ocrx_word' id='word_1_264' title='bbox 1226 3445 1232 3458; x_wconf 93' lang='lat'>.</span> <span class='ocrx_word' id='word_1_265' title='bbox 1250 3447 1257 3460; x_wconf 90' lang='lat'>.</span> <span class='ocrx_word' id='word_1_266' title='bbox 1276 3446 1284 3459; x_wconf 90' lang='lat'><strong>.</strong></span> <span class='ocrx_word' id='word_1_267' title='bbox 1301 3394 1456 3460; x_wconf 87' lang='lat' dir='ltr'><strong>eeclesiae</strong></span> 
     </span>
     <span class='ocr_line' id='line_1_30' title="bbox 261 3498 1455 3586; baseline -0.005 -18"><span class='ocrx_word' id='word_1_268' title='bbox 261 3501 498 3569; x_wconf 86' lang='lat' dir='ltr'><strong>Londoniensis</strong></span> <span class='ocrx_word' id='word_1_269' title='bbox 521 3503 669 3586; x_wconf 88' lang='lat' dir='ltr'><strong>episcopo</strong></span> <span class='ocrx_word' id='word_1_270' title='bbox 689 3501 783 3565; x_wconf 86' lang='lat' dir='ltr'><strong>tertio</strong></span> <span class='ocrx_word' id='word_1_271' title='bbox 804 3499 881 3586; x_wconf 82' lang='lat' dir='ltr'><strong>(·R·</strong></span> <span class='ocrx_word' id='word_1_272' title='bbox 921 3521 961 3562; x_wconf 83' lang='lat' dir='ltr'><strong>oa</strong></span> <span class='ocrx_word' id='word_1_273' title='bbox 976 3499 1065 3561; x_wconf 81' lang='lat' dir='ltr'><strong>einer</strong></span> <span class='ocrx_word' id='word_1_274' title='bbox 1078 3500 1239 3585; x_wconf 68' lang='lat' dir='ltr'><strong>jot—opereat</strong></span> <span class='ocrx_word' id='word_1_275' title='bbox 1259 3498 1363 3561; x_wconf 81' lang='lat' dir='ltr'><strong>Hand</strong></span> <span class='ocrx_word' id='word_1_276' title='bbox 1382 3499 1455 3563; x_wconf 85' lang='lat' dir='ltr'><strong>dar-</strong></span> 
     </span>
     <span class='ocr_line' id='line_1_31' title="bbox 261 3602 1454 3692; baseline -0.001 -22"><span class='ocrx_word' id='word_1_277' title='bbox 261 3607 341 3670; x_wconf 76' lang='lat' dir='ltr'><strong>r&#39;tber</strong></span> <span class='ocrx_word' id='word_1_278' title='bbox 365 3607 489 3692; x_wconf 73' lang='lat' dir='ltr'><strong>pesatzt)</strong></span> <span class='ocrx_word' id='word_1_279' title='bbox 522 3627 599 3669; x_wconf 90' lang='lat' dir='ltr'><strong>suus</strong></span> <span class='ocrx_word' id='word_1_280' title='bbox 626 3605 741 3669; x_wconf 89' lang='lat' dir='ltr'><strong>Petrus</strong></span> <span class='ocrx_word' id='word_1_281' title='bbox 772 3604 1017 3669; x_wconf 81' lang='lat' dir='ltr'><strong>archidiaconus</strong></span> <span class='ocrx_word' id='word_1_282' title='bbox 1046 3602 1190 3668; x_wconf 88' lang='lat' dir='ltr'><strong>eiusdem</strong></span> <span class='ocrx_word' id='word_1_283' title='bbox 1217 3602 1374 3669; x_wconf 86' lang='lat' dir='ltr'><strong>ecclesiae</strong></span> <span class='ocrx_word' id='word_1_284' title='bbox 1397 3603 1454 3669; x_wconf 89' lang='grc' dir='ltr'><strong>ὥσ.</strong></span> 
     </span>
     <span class='ocr_line' id='line_1_32' title="bbox 262 3706 1456 3792; baseline -0.004 -16"><span class='ocrx_word' id='word_1_285' title='bbox 262 3713 314 3776; x_wconf 86' lang='grc' dir='ltr'><strong>Ι)σ</strong></span> <span class='ocrx_word' id='word_1_286' title='bbox 340 3711 436 3775; x_wconf 89' lang='lat' dir='ltr'><strong>beata</strong></span> <span class='ocrx_word' id='word_1_287' title='bbox 465 3712 580 3774; x_wconf 89' lang='lat' dir='ltr'><strong>mentis</strong></span> <span class='ocrx_word' id='word_1_288' title='bbox 610 3708 782 3773; x_wconf 89' lang='lat' dir='ltr'><strong>solitudine</strong></span> <span class='ocrx_word' id='word_1_289' title='bbox 813 3733 873 3774; x_wconf 89' lang='lat' dir='ltr'><strong>neo</strong></span> <span class='ocrx_word' id='word_1_290' title='bbox 901 3731 965 3774; x_wconf 93' lang='lat' dir='ltr'><strong>non</strong></span> <span class='ocrx_word' id='word_1_291' title='bbox 992 3709 1062 3771; x_wconf 87' lang='grc' dir='ltr'><strong>ὥσ]</strong></span> <span class='ocrx_word' id='word_1_292' title='bbox 1093 3706 1261 3792; x_wconf 78' lang='lat' dir='ltr'><strong>(Doaaelbe</strong></span> <span class='ocrx_word' id='word_1_293' title='bbox 1288 3706 1384 3772; x_wconf 82' lang='lat' dir='ltr'><strong>Werk</strong></span> <span class='ocrx_word' id='word_1_294' title='bbox 1411 3708 1456 3771; x_wconf 82' lang='lat' dir='ltr'><strong>im</strong></span> 
     </span>
     <span class='ocr_line' id='line_1_33' title="bbox 262 3810 1457 3900; baseline -0.002 -20"><span class='ocrx_word' id='word_1_295' title='bbox 262 3814 338 3882; x_wconf 79' lang='lat' dir='ltr'><strong>Cod.</strong></span> <span class='ocrx_word' id='word_1_296' title='bbox 362 3816 456 3879; x_wconf 86' lang='lat' dir='ltr'><strong>Bodl.</strong></span> <span class='ocrx_word' id='word_1_297' title='bbox 481 3814 585 3878; x_wconf 83' lang='lat' dir='ltr'><strong>Laud.</strong></span> <span class='ocrx_word' id='word_1_298' title='bbox 610 3814 703 3878; x_wconf 81' lang='lat' dir='ltr'><strong>Miac.</strong></span> <span class='ocrx_word' id='word_1_299' title='bbox 721 3815 768 3900; x_wconf 83' lang='lat'><strong>6.)</strong></span> <span class='ocrx_word' id='word_1_300' title='bbox 795 3813 865 3876; x_wconf 84' lang='lat' dir='ltr'><strong>Dus</strong></span> <span class='ocrx_word' id='word_1_301' title='bbox 888 3813 980 3877; x_wconf 80' lang='lat' dir='ltr'><strong>Werlr</strong></span> <span class='ocrx_word' id='word_1_302' title='bbox 1003 3811 1097 3876; x_wconf 79' lang='lat' dir='ltr'><strong>solbat</strong></span> <span class='ocrx_word' id='word_1_303' title='bbox 1121 3810 1263 3898; x_wconf 72' lang='lat' dir='ltr'><strong>dspicatr</strong></span> <span class='ocrx_word' id='word_1_304' title='bbox 1291 3813 1380 3898; x_wconf 85' lang='lat' dir='ltr'><strong>,ipsa</strong></span> <span class='ocrx_word' id='word_1_305' title='bbox 1401 3815 1457 3879; x_wconf 91' lang='lat' dir='ltr'><strong>hu·</strong></span> 
     </span>
     <span class='ocr_line' id='line_1_34' title="bbox 261 3916 1457 4005; baseline -0.003 -20"><span class='ocrx_word' id='word_1_306' title='bbox 261 3943 376 3986; x_wconf 87' lang='lat' dir='ltr'><strong>manae</strong></span> <span class='ocrx_word' id='word_1_307' title='bbox 399 3920 590 3985; x_wconf 87' lang='lat' dir='ltr'><strong>conditionis</strong></span> <span class='ocrx_word' id='word_1_308' title='bbox 613 3918 750 4005; x_wconf 90' lang='lat' dir='ltr'><strong>qualitas</strong></span> <span class='ocrx_word' id='word_1_309' title='bbox 772 3916 842 3981; x_wconf 93' lang='grc' dir='ltr'><strong>ὥσ]</strong></span> <span class='ocrx_word' id='word_1_310' title='bbox 867 3918 917 4001; x_wconf 83' lang='lat' dir='ltr'><strong>(ia</strong></span> <span class='ocrx_word' id='word_1_311' title='bbox 939 3917 996 3981; x_wconf 81' lang='lat' dir='ltr'><strong>der</strong></span> <span class='ocrx_word' id='word_1_312' title='bbox 1018 3917 1048 3980; x_wconf 88' lang='grc' dir='ltr'><em>Τ</em></span> <span class='ocrx_word' id='word_1_313' title='bbox 1047 3918 1104 3979; x_wconf 81' lang='lat' dir='ltr'><strong>lat</strong></span> <span class='ocrx_word' id='word_1_314' title='bbox 1127 3916 1273 4003; x_wconf 72' lang='lat' dir='ltr'><strong>Aaaziipe</strong></span> <span class='ocrx_word' id='word_1_315' title='bbox 1295 3939 1359 3980; x_wconf 79' lang='lat' dir='ltr'><strong>aas</strong></span> <span class='ocrx_word' id='word_1_316' title='bbox 1381 3916 1457 3982; x_wconf 70' lang='lat' dir='ltr'><strong>Gre-</strong></span> 
     </span>
     <span class='ocr_line' id='line_1_35' title="bbox 260 4020 1458 4113; baseline -0.003 -25"><span class='ocrx_word' id='word_1_317' title='bbox 260 4026 346 4113; x_wconf 62' lang='lat' dir='ltr'><strong>gorii</strong></span> <span class='ocrx_word' id='word_1_318' title='bbox 376 4023 549 4110; x_wconf 85' lang='lat' dir='ltr'><strong>Moralia).</strong></span> <span class='ocrx_word' id='word_1_319' title='bbox 601 4022 672 4085; x_wconf 81' lang='lat' dir='ltr'><strong>Das</strong></span> <span class='ocrx_word' id='word_1_320' title='bbox 694 4022 724 4085; x_wconf 83' lang='lat'><strong>6.</strong></span> <span class='ocrx_word' id='word_1_321' title='bbox 745 4022 840 4083; x_wconf 77' lang='lat' dir='ltr'><strong>Bucls</strong></span> <span class='ocrx_word' id='word_1_322' title='bbox 871 4021 924 4084; x_wconf 81' lang='lat' dir='ltr'><strong>dos</strong></span> <span class='ocrx_word' id='word_1_323' title='bbox 953 4022 1080 4084; x_wconf 72' lang='lat' dir='ltr'><strong>ztoeiten</strong></span> <span class='ocrx_word' id='word_1_324' title='bbox 1110 4020 1236 4083; x_wconf 66' lang='lat' dir='ltr'><strong>steila</strong></span> <span class='ocrx_word' id='word_1_325' title='bbox 1262 4020 1353 4105; x_wconf 78' lang='lat' dir='ltr'><strong>fehlt</strong></span> <span class='ocrx_word' id='word_1_326' title='bbox 1390 4021 1458 4107; x_wconf 78' lang='lat' dir='ltr'><strong>(die</strong></span> 
     </span>
     <span class='ocr_line' id='line_1_36' title="bbox 262 4123 1459 4214; baseline -0.003 -20"><span class='ocrx_word' id='word_1_327' title='bbox 262 4127 478 4214; x_wconf 73' lang='lat' dir='ltr'><strong>[leberaclrift</strong></span> <span class='ocrx_word' id='word_1_328' title='bbox 504 4129 616 4213; x_wconf 82' lang='lat' dir='ltr'><strong>incipit</strong></span> <span class='ocrx_word' id='word_1_329' title='bbox 644 4126 794 4211; x_wconf 84' lang='lat' dir='ltr'><strong>prologus</strong></span> <span class='ocrx_word' id='word_1_330' title='bbox 817 4127 850 4189; x_wconf 92' lang='lat' dir='ltr'><strong>in</strong></span> <span class='ocrx_word' id='word_1_331' title='bbox 878 4123 995 4189; x_wconf 87' lang='lat' dir='ltr'><strong>librum</strong></span> <span class='ocrx_word' id='word_1_332' title='bbox 1019 4135 1147 4191; x_wconf 89' lang='lat' dir='ltr'><strong>sextum</strong></span> <span class='ocrx_word' id='word_1_333' title='bbox 1170 4124 1332 4190; x_wconf 88' lang='lat' dir='ltr'><strong>secundae</strong></span> <span class='ocrx_word' id='word_1_334' title='bbox 1356 4128 1459 4211; x_wconf 88' lang='lat' dir='ltr'><strong>partis</strong></span> 
     </span>
    </p>
   </div>
   <div class='ocr_carea' id='block_1_3' title="bbox 260 4228 1462 4629">
    <p class='ocr_par' dir='ltr' id='par_1_4' title="bbox 260 4228 1462 4629">
     <span class='ocr_line' id='line_1_37' title="bbox 260 4228 1460 4319; baseline -0.003 -21"><span class='ocrx_word' id='word_1_335' title='bbox 260 4237 341 4299; x_wconf 79' lang='lat' dir='ltr'><strong>ooclt</strong></span> <span class='ocrx_word' id='word_1_336' title='bbox 371 4233 580 4319; x_wconf 65' lang='lat' dir='ltr'><strong>variandas).</strong></span> <span class='ocrx_word' id='word_1_337' title='bbox 632 4232 735 4295; x_wconf 82' lang='lat' dir='ltr'><strong>Einer</strong></span> <span class='ocrx_word' id='word_1_338' title='bbox 765 4231 852 4293; x_wconf 78' lang='lat' dir='ltr'><strong>alteo</strong></span> <span class='ocrx_word' id='word_1_339' title='bbox 883 4228 1132 4315; x_wconf 76' lang='lat' dir='ltr'><strong>Inhaltaaapabe</strong></span> <span class='ocrx_word' id='word_1_340' title='bbox 1166 4229 1293 4316; x_wconf 77' lang='lat' dir='ltr'><strong>aufolpe</strong></span> <span class='ocrx_word' id='word_1_341' title='bbox 1323 4231 1460 4295; x_wconf 72' lang='lat' dir='ltr'><strong>antlielt</strong></span> 
     </span>
     <span class='ocr_line' id='line_1_38' title="bbox 261 4332 1461 4417; baseline -0.003 -14"><span class='ocrx_word' id='word_1_342' title='bbox 261 4340 318 4403; x_wconf 87' lang='lat' dir='ltr'><strong>der</strong></span> <span class='ocrx_word' id='word_1_343' title='bbox 348 4338 454 4404; x_wconf 72' lang='lat' dir='ltr'><strong>Codes</strong></span> <span class='ocrx_word' id='word_1_344' title='bbox 489 4359 602 4400; x_wconf 80' lang='lat' dir='ltr'><strong>ausser</strong></span> <span class='ocrx_word' id='word_1_345' title='bbox 636 4335 888 4417; x_wconf 88' lang='lat' dir='ltr'><strong>‚Remediarium</strong></span> <span class='ocrx_word' id='word_1_346' title='bbox 918 4335 950 4400; x_wconf 88' lang='lat' dir='ltr'><strong>S.</strong></span> <span class='ocrx_word' id='word_1_347' title='bbox 974 4332 1048 4400; x_wconf 88' lang='lat' dir='ltr'><strong>Job&#39;</strong></span> <span class='ocrx_word' id='word_1_348' title='bbox 1078 4335 1159 4397; x_wconf 79' lang='lat' dir='ltr'><strong>noch</strong></span> <span class='ocrx_word' id='word_1_349' title='bbox 1193 4333 1461 4416; x_wconf 82' lang='lat' dir='ltr'><strong>,Exhortationes</strong></span> 
     </span>
     <span class='ocr_line' id='line_1_39' title="bbox 261 4437 1462 4523; baseline -0.007 -14"><span class='ocrx_word' id='word_1_350' title='bbox 261 4443 455 4508; x_wconf 84' lang='lat' dir='ltr'><strong>uenerabilis</strong></span> <span class='ocrx_word' id='word_1_351' title='bbox 479 4441 637 4505; x_wconf 87' lang='lat' dir='ltr'><strong>Bernardi</strong></span> <span class='ocrx_word' id='word_1_352' title='bbox 661 4439 906 4504; x_wconf 79' lang='lat' dir='ltr'><strong>Clarenallonsis</strong></span> <span class='ocrx_word' id='word_1_353' title='bbox 929 4439 972 4503; x_wconf 90' lang='lat' dir='ltr'><strong>ad</strong></span> <span class='ocrx_word' id='word_1_354' title='bbox 995 4439 1177 4522; x_wconf 83' lang='lat' dir='ltr'><strong>Eugenium</strong></span> <span class='ocrx_word' id='word_1_355' title='bbox 1199 4438 1346 4523; x_wconf 65' lang='lat' dir='ltr'><strong>Papam!</strong></span> <span class='ocrx_word' id='word_1_356' title='bbox 1384 4437 1462 4502; x_wconf 81' lang='lat' dir='ltr'><strong>Wos</strong></span> 
     </span>
     <span class='ocr_line' id='line_1_40' title="bbox 261 4539 1460 4629; baseline -0.003 -20"><span class='ocrx_word' id='word_1_357' title='bbox 261 4570 291 4609; x_wconf 83' lang='lat' dir='ltr'><strong>ea</strong></span> <span class='ocrx_word' id='word_1_358' title='bbox 322 4548 380 4609; x_wconf 83' lang='lat' dir='ltr'><strong>mit</strong></span> <span class='ocrx_word' id='word_1_359' title='bbox 410 4545 471 4608; x_wconf 83' lang='lat' dir='ltr'><strong>den</strong></span> <span class='ocrx_word' id='word_1_360' title='bbox 501 4545 572 4608; x_wconf 82' lang='lat' dir='ltr'><strong>drei</strong></span> <span class='ocrx_word' id='word_1_361' title='bbox 601 4542 736 4629; x_wconf 72' lang='lat' dir='ltr'><strong>sibrt&#39;pon</strong></span> <span class='ocrx_word' id='word_1_362' title='bbox 766 4543 802 4605; x_wconf 82' lang='lat' dir='ltr'><strong>in</strong></span> <span class='ocrx_word' id='word_1_363' title='bbox 831 4543 892 4606; x_wconf 82' lang='lat' dir='ltr'><strong>dea</strong></span> <span class='ocrx_word' id='word_1_364' title='bbox 920 4539 1040 4607; x_wconf 78' lang='lat' dir='ltr'><strong>Catali.</strong></span> <span class='ocrx_word' id='word_1_365' title='bbox 1069 4541 1163 4628; x_wconf 81' lang='lat' dir='ltr'><strong>Anpl.</strong></span> <span class='ocrx_word' id='word_1_366' title='bbox 1194 4551 1224 4604; x_wconf 87' lang='lat' dir='ltr'><strong>et</strong></span> <span class='ocrx_word' id='word_1_367' title='bbox 1253 4540 1331 4605; x_wconf 74' lang='lat' dir='ltr'><strong>Hit.</strong></span> <span class='ocrx_word' id='word_1_368' title='bbox 1364 4565 1460 4629; x_wconf 76' lang='lat' dir='ltr'><strong>aops-</strong></span> 
     </span>
    </p>
   </div>
   <div class='ocr_carea' id='block_1_4' title="bbox 0 0 1512 5354">
    <p class='ocr_par' dir='ltr' id='par_1_5' title="bbox 0 0 1512 5354">
     <span class='ocr_line' id='line_1_41' title="bbox 0 0 1512 5354; baseline 0 0"><span class='ocrx_word' id='word_1_369' title='bbox 0 0 1512 5354; x_wconf 95' lang='lat' dir='ltr'><strong> </strong></span> 
     </span>
    </p>
   </div>
  </div>
 </body>
</html>
