3162 5476
336 469 376 533 12
439 459 440 464 ἵ
827 486 859 528 rr.
874 486 1021 530 merens-a.
1327 477 1532 548 (993-997)

333 660 523 744 ,Celebritas
546 659 700 727 hodierne
724 661 787 727 diei
810 662 880 727 rho‘
904 663 1064 746 (walaraolr.
1087 660 1311 747 Hildefooai
1330 682 1455 740 aermo;
1478 661 1533 738 96,

333 765 423 850 267).
512 767 547 832 4.
577 765 657 830 Viele
680 764 970 852 Heilipenlepeodan
994 763 1116 850 (δοιαὶ.
1140 764 1223 829 Bell.
1248 765 1288 843 Π,
1312 767 1408 851 472).

1448 879 1512 933 993

437 975 544 1055 9878.
568 975 612 1052 4⁰,
634 997 686 1052 m.,
710 996 735 1037 a.
759 973 848 1039 XIII.
873 973 1108 1059 Smaragdos
1131 972 1235 1040 abbas
1258 994 1357 1061 super
1378 974 1533 1059 regulam

334 1076 367 1142 S.
392 1077 562 1142 Benedicti
586 1079 680 1164 (102,
701 1079 791 1161 689).

935 1193 936 1197 ’
1449 1193 1513 1248 994

439 1289 546 1369 7878.
573 1288 620 1366 4⁰,
642 1309 693 1365 rra,
720 1309 744 1350 a.
769 1285 853 1350 XIV
870 1287 998 1372 (1315).
1030 1289 1062 1356 1.
1086 1287 1274 1372 Aegidius
1302 1288 1344 1352 de
1366 1288 1532 1373 regimine

334 1390 527 1475 principum.
595 1392 630 1458 2.
647 1390 724 1455 Vita
739 1389 772 1456 S.
790 1389 927 1476 Gysleni
951 1391 1109 1475 (matrim
1132 1391 1276 1471 Horater,
1298 1392 1419 1456 Noram
1443 1391 1531 1456 Vitae

336 1492 393 1558 SS.
412 1516 446 1580 p.
471 1496 540 1558 148
554 1516 634 1582 aqq.,·
658 1492 759 1560 Catal.
783 1493 866 1560 Bell.
891 1493 932 1571 II,
956 1496 1046 1578 474).

1449 1612 1511 1666 995

438 1707 544 1787 9878.
561 1701 635 1789 fol„
657 1727 708 1780 m„
731 1687 754 1768 ε.
773 1704 805 1765 Χ
817 1707 859 1768 in.
883 1705 916 1771 l.
933 1703 1095 1770 Homiliae
1117 1703 1149 1770 S.
1167 1703 1435 1791 chrysostomi
1460 1707 1528 1790 (ur-

335 1807 513 1894 rprltrrplirh
529 1809 600 1894 42).
624 1809 661 1892 a)
681 1806 827 1893 (Anfaap
841 1807 1060 1887 oerattlmmelt)
1085 1808 1168 1893 hep:
1190 1810 1361 1898 ‚principia
1383 1809 1528 1875 domina·

335 1911 454 1978 bantur
476 1911 605 1998 quando
626 1911 680 1977 ille
705 1921 797 1978 aurat
818 1909 903 1993 (981,-
925 1912 958 1998 b)
975 1911 1067 1996 ,Nolo
1092 1911 1223 1978 diffidas
1241 1911 1326 1994 oea·
1349 1917 1379 1999 c)
1398 1913 1528 1981 Omelia

336 2015 388 2082 111
422 2016 462 2082 de
496 2018 620 2104 psalmo
654 2015 801 2099 OXXII;
834 2017 870 2103 d)
902 2017 1008 2081 zalotzt
1041 2017 1083 2082 de
1113 2019 1315 2104 reparatione
1345 2020 1441 2107 lapsi.

336 2121 370 2188 2.
393 2120 610 2208 Vorpehandan
626 2123 692 2186 ond
712 2119 964 2208 zwiacheofol.1
985 2121 1052 2186 aad
1072 2125 1093 2187 2
1115 2121 1341 2209 ainqeaclrohen:
1365 2125 1526 2190 Bernardi

336 2234 368 2289 et
383 2226 530 2291 Anselmi
546 2225 727 2292 Sermones.
794 2227 828 2294 3.
852 2225 997 2311 Epistola
1009 2213 1052 2290 S.
1076 2227 1303 2312 Hieronymi
1327 2227 1369 2292 ad
1382 2226 1525 2312 Vigilan-

336 2331 417 2395 tium
439 2329 668 2416 presbyterum
693 2329 734 2396 de
757 2327 890 2414 Origine
915 2330 989 2414 (Dp.
1005 2332 1057 2407 61,
1074 2332 1125 2410 22,
1142 2331 1232 2416 602).
1298 2335 1332 2400 4.
1355 2331 1441 2398 Item
1464 2337 1524 2420 epi·

337 2434 417 2499 stola
433 2433 465 2500 S.
485 2435 710 2521 Hieronymi
731 2434 889 2499 adversus
905 2434 1119 2518 Vigilantiam
1134 2435 1332 2500 haereticum
1349 2437 1418 2518 (23,
1435 2439 1524 2516 339).

336 2539 369 2608 5.
400 2537 596 2624 Explanatio
628 2537 660 2604 S.
684 2539 913 2624 Hieronymi
944 2538 985 2602 de
1016 2539 1193 2604 Antieristo
1222 2541 1255 2604 in
1283 2539 1426 2608 Danihel
1456 2562 1522 2628 pro-

336 2641 477 2728 phetam.
522 2644 615 2729 Boo:
647 2643 755 2727 ,Quod
784 2644 817 2708 in
849 2643 913 2708 fine
944 2642 1057 2708 mundi
1087 2641 1172 2709 haee·
1195 2644 1235 2708 sit
1262 2642 1408 2708 facturus
1435 2644 1523 2709 Anti·

336 2749 451 2812 eristue
473 2745 544 2812 rire!
567 2747 641 2834 (opt.
659 2747 788 2814 Lorne-v.
807 2747 928 2826 Hartel,
953 2747 985 2812 S.
1008 2749 1072 2812 135
1094 2748 1160 2812 aad
1183 2747 1255 2827 161,
1278 2771 1323 2813 roo
1336 2747 1453 2836 jedoch
1475 2749 1522 2814 dte

337 2850 482 2939 Anfanpe
516 2853 595 2916 nicht
626 2853 792 2938 stireman).
883 2851 917 2920 6.
949 2851 1145 2938 Explanatio
1175 2851 1208 2916 S.
1233 2851 1462 2938 Hieronymi
1490 2856 1521 2919 in

336 2954 478 3020 Danihel
502 2956 568 3040 (25,
589 2956 679 3041 493).
748 2955 780 3024 7.
804 2949 950 3042 Epistola
973 2955 1006 3020 S.
1028 2955 1254 3041 Hieronymi
1276 2956 1461 3042 presbyteri
1482 2957 1520 3022 ad

336 3058 571 3126 Euathoohium
598 3061 766 3144 virginem.
812 3059 903 3148 Boo:
933 3059 1097 3142 ,Referam
1124 3059 1183 3124 tibi
1210 3081 1302 3124 meae
1328 3059 1520 3126 infelicitatis

336 3161 502 3230 historiam
523 3161 592 3229 rire!
619 3164 679 3251 (ep.
704 3167 746 3230 22
755 3165 802 3252 7)
891 3165 925 3232 8.
949 3163 1080 3250 ,Incipit
1102 3163 1217 3244 omelia
1239 3164 1280 3229 de
1303 3163 1367 3230 filio
1390 3165 1520 3251 prodigo

336 3276 369 3331 et
391 3268 432 3331 de
454 3267 508 3332 illo
532 3269 586 3354 qui
615 3290 743 3354 semper
767 3290 839 3333 oum
867 3277 959 3355 patre
986 3269 1055 3333 fuit.
1102 3268 1138 3333 In
1170 3269 1307 3334 lectione
1336 3270 1519 3354 euangelica

337 3395 421 3459 quae
442 3373 537 3439 morlo
560 3374 697 3438 recitata
721 3383 769 3437 eat
791 3373 975 3439 audiuimus
998 3373 1085 3460 quod
1109 3373 1240 3459 quidem
1264 3373 1447 3461 (quidaml)
1470 3375 1518 3439 ha·

270 3461 271 3472 ¹
337 3477 444 3543 buerit
476 3476 544 3542 rito}
631 3479 667 3547 9.
702 3477 829 3544 Omelia
864 3478 1024 3563 (oialmelrr
1056 3477 1155 3564 Epist.
1185 3479 1242 3557 IX,
1270 3481 1331 3559 52;
1365 3481 1417 3558 77,
1444 3483 1517 3559 982)

337 3581 370 3648 S.
388 3582 568 3666 Gregorii
584 3583 694 3670 Papae
710 3583 752 3648 ad
769 3583 971 3664 Secundum
995 3581 1075 3668 bap:
1095 3583 1298 3661 ,Dilectionie
1314 3593 1388 3649 tuae
1405 3587 1518 3671 scripta

336 3687 447 3772 recepi
468 3685 538 3752 rito!
623 3686 677 3754 10.
702 3689 843 3775 (jttrrpere
866 3687 989 3766 Hand).
1015 3687 1145 3774 ,Inoipit
1168 3690 1268 3752 oratio
1293 3687 1325 3752 S.
1342 3689 1517 3773 Agnetini

338 3841 432 3856 .....
446 3811 463 3853 e
510 3790 647 3876 (Rarior)
677 3791 782 3856 Homo
811 3790 940 3876 quidam
968 3792 1011 3856 eit
1040 3792 1197 3857 Dominus
1223 3789 1294 3856 ‹ha‘
1323 3791 1437 3877 (hriolrt
1465 3815 1516 3854 urr-

337 3894 524 3979 oollattlrrda'p
547 3894 613 3975 ab).

1445 4011 1517 4064 995·

441 4113 514 4170 888.
537 4101 639 4169 Liber
661 4103 703 4170 de
726 4103 939 4170 sacramentis
962 4105 1094 4171 metrice
1118 4103 1194 4191 (,Ex
1219 4103 1364 4170 Abbatia
1385 4103 1418 4171 S.
1443 4105 1515 4169 hiar-

337 4211 396 4276 tini
418 4207 669 4294 Tornaoensie‘).

442 4323 515 4378 888.
532 4313 605 4400 fol,
628 4337 678 4392 oa,
700 4337 725 4378 a.
743 4313 814 4378 XII.
838 4313 1013 4380 Suetonii
1036 4313 1201 4379 Caesares.
1406 4325 1409 4332 ⁴
1445 4324 1498 4378 996

1444 4428 1498 4484 997

442 4531 515 4586 888.
538 4523 582 4599 4⁰,
613 4545 664 4600 oa,
687 4544 711 4587 a.
736 4523 786 4586 IX
813 4524 905 4604 (einat
926 4545 964 4586 zu
986 4523 1050 4586 275
1071 4523 1221 4610 pelorip).
1265 4522 1514 4609 Hippocrates

339 4627 380 4692 de
404 4625 520 4709 diaeta,
543 4626 597 4691 lat.
644 4627 737 4711 Bao:
758 4623 1047 4709 ,Medicamentum
1070 4626 1250 4692 dioromum
1272 4626 1342 4692 the!
