3250 5488
330 467 372 528 58
658 441 661 446 Ι
821 481 838 522 r.
854 479 979 522 soriam.
995 483 1028 521 n.
1323 461 1532 546 (arn-280)

239 664 300 718 275
679 663 780 719 ssoh.
804 663 893 720 selu
916 663 954 719 B.
978 664 1020 718 26
1043 655 1168 742 (3340).

432 775 563 841 Entlsdlt
585 777 635 842 ein
651 776 742 840 Blatt
756 798 780 839 s.
797 775 830 839 X
851 775 989 861 (scheda
1010 797 1076 841 una
1091 774 1262 862 pastoralis
1278 775 1461 861 Gregorii
1479 775 1529 839 M.

330 883 380 945 die
404 881 518 948 Calall.
544 881 636 969 Acyl.
660 893 689 945 et
713 879 801 960 Hib.)
848 881 900 945 Ex
927 881 1040 946 horum
1069 882 1190 968 quippe
1218 882 1327 968 specie
1354 881 1532 968 psalmista

330 985 409 1050 dicit
433 1037 440 1050 .
462 1033 470 1050 .
489 1036 520 1050 ..
556 984 746 1051 incurbatus
776 1007 847 1051 sum
879 995 912 1050 et
941 983 1125 1051 humiliatus
1158 1007 1228 1051 sum
1258 1007 1362 1071 usque
1395 1007 1531 1072 quaque

329 1112 466 1177 quorum
483 1090 613 1178 culpam
628 1113 755 1178 quoqne
771 1087 827 1155 dc.
853 1087 1016 1176 (Gregorii
1031 1111 1094 1175 rep.
1106 1100 1207 1176 paam
1223 1091 1275 1170 77,
1287 1091 1331 1154 24
1347 1089 1381 1155 Ζ.
1396 1091 1418 1153 3
1433 1113 1461 1154 c.
1475 1089 1525 1173 u.)

237 1281 298 1334 arc
684 1274 784 1330 aren.
808 1273 897 1330 sold.
920 1272 958 1328 a.
982 1274 1023 1328 aa
1047 1269 1168 1344 (3350).

713 1370 751 1422 4⁰,
768 1383 804 1422 m.‚
823 1366 867 1413 169
883 1365 936 1421 toll„
953 1365 1037 1422 2001..
1054 1381 1070 1413 a
1087 1365 1147 1412 xm.

436 1467 468 1533 1.
493 1464 727 1545 Quintiliani
751 1463 1023 1529 Declamationes.
1041 1462 1116 1549 1329.
1134 1462 1197 1543 ‚Ex
1213 1462 1364 1528 incendio
1381 1461 1529 1542 domus‘3

333 1569 412 1634 solt.
437 1577 534 1653 ,totus
555 1569 664 1635 adhuc
688 1591 759 1634 sum
775 1570 808 1633 in
822 1567 1006 1656 parricidic‘
1031 1566 1130 1651 (XIX,
1143 1569 1201 1650 11,·
1214 1589 1245 1652 p.
1258 1567 1334 1646 372,
1357 1589 1385 1630 o.
1401 1566 1459 1630 ult.
1478 1567 1529 1631 ed.

331 1674 508 1754 Burmann,
520 1673 576 1739 der
588 1673 622 1737 in
633 1673 689 1738 dor
700 1673 780 1738 Noto
792 1672 942 1736 banserlrt:
952 1671 1050 1736 In-lu‘s
1061 1669 1158 1735 vorbis
1173 1669 1333 1734 caradas
1345 1669 1529 1751 Vasacen).

436 1779 470 1846 a.
494 1777 686 1843 Waltheri
710 1777 751 1843 ds
774 1775 956 1842 Richmond
980 1774 1164 1860 hypotheca
1187 1776 1257 1838 sive
1284 1773 1431 1840 collectio
1461 1777 1530 1861 epi-

332 1883 484 1950 stolarum
507 1883 545 1947 B.
562 1883 790 1968 Hieronymi
813 1890 845 1946 et
867 1880 1024 1945 adversus
1039 1879 1245 1944 Iovinianum
1265 1876 1396 1965 aliquot.
1419 1879 1528 1945 Pauci

331 1987 506 2053 admodum
536 1987 605 2052 dies
633 1995 708 2052 sunt
734 1985 821 2072 quod
849 1988 952 2050 sancti
979 2007 1022 2049 cx
1050 1983 1131 2050 urbe
1158 2004 1250 2050 roma
1271 1983 1390 2049 fratres
1413 1985 1523 2050 cuius-

332 2091 408 2158 dam
430 2091 510 2157 mihi
532 2092 686 2156 iouiniani
709 2088 988 2156 commentariolos
1014 2089 1260 2153 transmiserunt
1282 2097 1445 2172 rogantes.

435 2196 469 2264 3.
497 2195 701 2260 Breviarium
731 2195 851 2259 veteris
886 2191 1088 2258 Testamenti
1122 2191 1230 2256 forsan
1264 2190 1412 2258 Bedae
1448 2213 1531 2258 cum

333 2299 518 2386 Alphabeto
541 2299 668 2364 Graeco
692 2309 724 2363 et
746 2298 849 2364 Habr.
883 2297 942 2383 (So
964 2297 1016 2361 dia
1040 2295 1109 2362 Cot.
1132 2295 1228 2382 Anpl.
1253 2307 1282 2360 et
1305 2295 1394 2382 Hic.)
1430 2295 1529 2382 Bega

331 2406 481 2484 ,Genesis
505 2405 646 2470 continet
668 2403 916 2488 generacionem
946 2411 978 2466 et
1009 2402 1212 2467 creacionem
1243 2399 1356 2464 mundi
1386 2409 1420 2466 et
1450 2421 1529 2464 exo·

333 2510 422 2576 dium
432 2509 476 2596 (l)
500 2511 632 2576 humani
654 2509 803 2594 genaris‘.

241 2706 317 2760 275⁸
661 2683 761 2738 Arch.
785 2677 999 2747 aerumpna
1023 2667 1047 2735 1'
1065 2669 1190 2757 (3389),

436 2799 501 2861 eina
518 2795 695 2862 Altercatio
719 2795 877 2860 ecclesiae
900 2802 1012 2858 contra
1029 2791 1238 2879 Synagogam
1261 2791 1462 2875 enthastnnd,
1488 2793 1529 2854 iat

243 3010 303 3064 777
331 2925 355 2966 8.
381 2899 486 2966 XVIL
650 2995 751 3051 Arch.
774 2993 863 3050 sold.
886 3006 989 3060 supra
1011 2995 1053 3047 22
1078 2982 1204 3068 (3410).
1237 3070 1241 3076 ⁵

833 3089 874 3142 4⁰,
892 3103 929 3144 m„
945 3103 961 3134 s.
974 3087 1023 3136 XV.

437 3186 671 3268 Quintiliani
702 3185 954 3252 declamationes
986 3181 1105 3268 (XIX).
1145 3181 1225 3248 scol.
1257 3191 1304 3267 ‚tu
1331 3181 1453 3246 famam
1485 3203 1530 3244 ne

358 3295 364 3308 .
425 3295 434 3329 ,
1046 3309 1050 3318 ,

243 3385 303 3438 278
333 3291 444 3358 dms·
649 3387 749 3443 Arch.
773 3385 862 3442 sold.
885 3398 989 3452 supra
1010 3386 1052 3438 23
1075 3373 1201 3460 (3411).

841 3495 877 3535 ru.y
893 3495 910 3526 a.
927 3479 970 3526 llll
980 3493 1015 3526 sx.

437 3579 480 3643 D.
503 3580 592 3645 Junii
614 3576 819 3644 luvenalis
843 3578 970 3640 satirae.

652 3751 752 3806 Arch.
776 3748 864 3804 sold.
888 3761 991 3815 supra
1014 3749 1056 3802 24
1079 3737 1204 3824 (3412).

821 3860 856 3898 n,
872 3859 889 3890 s.
907 3841 1040 3888 xli-xm.

438 3941 672 4006 Aristoteles
704 3939 835 4018 uthica,
868 3939 907 4003 de
935 3939 1143 4023 generatione
1172 3949 1204 4001 et
1233 3937 1452 4022 corruptione,
1485 3933 1527 3998 de

334 4046 455 4112 mundo
479 4045 519 4110 de
543 4048 691 4112 meteoria
714 4042 770 4110 aa.
794 4043 887 4109 Lat*

244 4234 305 4288 280
650 4219 751 4274 Aroh.
775 4216 863 4273 sold.
887 4229 990 4283 supra
1013 4217 1055 4270 25
1078 4205 1204 4292 (3413).

841 4311 1014 4367 mamm

439 4412 471 4479 1.
494 4410 649 4476 Boethii
672 4408 885 4473 Arithmetica
909 4417 942 4471 et
963 4407 1090 4470 Musica
1113 4405 1180 4491 (63,
1206 4406 1302 4485 1079,
1328 4403 1460 4482 1167)*

335 4517 369 4584 2.
393 4515 613 4580 Marcianus
636 4512 797 4598 Capella
820 4512 861 4575 de
885 4513 1005 4596 nuptiis
1027 4508 1219 4596 philologiae
1244 4516 1277 4572 et
1301 4507 1467 4572 Mercurii.

334 4621 368 4690 3.
392 4618 611 4686 Macrobius
634 4619 667 4682 in
691 4617 858 4685 Somnium
881 4614 1050 4700 Scipionis.
