3250 5488
330 489 371 556 74
819 512 836 554 r.
853 513 978 556 serrorum.
994 515 1027 556 rr.
1434 499 1543 586 (355)

331 683 380 766 (8.
406 686 485 765 171,
508 687 560 763 38,
585 687 693 771 9331).
799 689 857 755 68.
889 688 1052 756 Ambrosii
1084 713 1181 776 super
1213 691 1348 758 Lucam.
1395 693 1433 758 In
1466 693 1540 756 hac

328 785 466 852 lectione
489 811 606 876 expon.
696 793 754 860 69.
780 792 965 876 Augustini.
1011 793 1135 879 Spiritu
1156 794 1273 860 fratres
1296 795 1473 862 ambulate.

330 891 382 959 70.
399 892 574 976 Augustini
594 895 626 960 in
647 893 729 959 libro
751 897 954 981 questionum
976 897 1219 982 evangeliorum
1229 900 1285 986 (1).
1347 901 1398 968 71.
1416 901 1539 985 Augu-

329 996 412 1059 stini.
437 996 489 1060 De
512 997 627 1063 decem
654 999 788 1085 leprosis
816 1021 906 1086 quos.
981 1001 1037 1069 72.
1061 1003 1248 1087 Augustini.
1273 1005 1362 1070 Voce
1387 1027 1541 1070 consona

329 1109 362 1166 st
391 1101 489 1166 eorde
521 1101 570 1186 (8.
603 1106 662 1185 20,
691 1107 742 1186 38,
775 1107 865 1191 137).
973 1106 1028 1175 73.
1060 1107 1225 1174 Ambrosii
1259 1131 1357 1194 super
1389 1109 1537 1176 Lucam.

328 1204 436 1272 Nolite
459 1205 553 1272 solliti
564 1208 607 1293 (1)
632 1231 702 1273 esse
725 1211 852 1276 animae
877 1211 1012 1296 (Anima
1039 1211 1111 1298 plus
1134 1223 1184 1276 est
1206 1235 1305 1298 quam
1336 1213 1425 1300 esca)
1458 1216 1538 1298 (15,

330 1311 440 1393 1819).
526 1311 579 1379 71.
605 1312 779 1398 Augustini
807 1315 841 1378 in
866 1335 1047 1380 sermonem
1070 1315 1202 1384 Domini
1226 1316 1326 1382 habit.
1351 1319 1383 1381 in
1406 1327 1537 1384 moute.

328 1414 432 1479 Nemo
448 1424 554 1499 potest
569 1415 705 1483 duobus.
773 1418 827 1488 75.
853 1418 973 1484 Leonis
989 1441 1094 1505 papae
1109 1418 1151 1485 de
1166 1421 1302 1508 jejunio.
1334 1421 1535 1507 Apostolica

329 1519 485 1584 institutio
501 1519 642 1606 (1264).
712 1521 766 1590 76.
791 1523 921 1589 Leonis.
944 1522 1164 1588 Deuotionem
1178 1523 1324 1589 fidelium
1342 1525 1383 1611 (I,
1399 1528 1466 1590 262
1464 1527 1494 1611 ).

331 1623 384 1691 77.
409 1623 540 1690 Leonis.
587 1626 661 1691 Scio
685 1627 816 1712 quidem
845 1627 1044 1692 dilectissimi
1072 1628 1227 1716 plurimos
1261 1629 1328 1713 (54,
1348 1631 1438 1716 362).

331 1727 384 1795 78.
399 1726 559 1812 Gregorii.
584 1728 746 1815 Cogitanti
763 1732 860 1796 michi
874 1732 915 1796 de
927 1731 1030 1797 Marie
1048 1734 1227 1818 penitentia
1244 1734 1439 1819 (761239).

330 1831 386 1901 79.
405 1832 535 1898 Leonis.
567 1834 682 1900 Omnis
702 1835 903 1902 dilectissimi
925 1835 1107 1902 diuinorum
1130 1837 1267 1902 eruditio
1292 1838 1333 1922 (Ι,
1348 1838 1439 1923 266)

328 1937 386 2006 80.
418 1937 577 2023 Gregorii.
616 1940 776 2006 Dominus
809 1963 849 2006 ac
879 1941 1065 2027 redemptor
1094 1952 1203 2008 noster
1232 1964 1292 2028 per
1322 1941 1534 2027 euangelium

331 2043 533 2128 (761228).
622 2046 678 2114 81.
702 2046 879 2130 Augustini
907 2046 949 2110 de
979 2046 1088 2112 uerbis
1116 2046 1259 2112 Domini.
1298 2046 1375 2111 Tria
1405 2069 1535 2132 genera

330 2155 536 2214 mortuorum.
616 2148 674 2216 82.
698 2147 864 2214 Ambrosii
888 2171 986 2235 super
1001 2150 1138 2216 Lucam.
1162 2151 1227 2214 Hic
1242 2150 1332 2215 locus
1349 2150 1391 2216 ad
1408 2159 1533 2216 utram-

329 2273 392 2336 que
415 2252 576 2317 redundat
598 2253 738 2336 gratiam
771 2255 838 2338 (15,
865 2255 975 2339 1745).
1061 2255 1118 2322 83.
1141 2254 1316 2338 Augustini
1348 2254 1389 2318 de
1417 2252 1533 2319 uerbis

328 2354 469 2421 Domini.
494 2357 546 2422 De
566 2357 689 2443 juuene
705 2357 759 2424 illo
775 2359 966 2423 resuscitato
984 2357 1033 2441 (8.
1052 2360 1131 2438 118,
1145 2361 1198 2437 38,
1214 2359 1305 2444 591).
1363 2359 1418 2426 84.
1441 2357 1531 2423 Iero-

327 2462 406 2524 uimi
428 2483 527 2546 super
553 2461 690 2547 epistola
717 2461 761 2527 ad
785 2462 905 2548 Ephes.
952 2461 1063 2527 Potest
1091 2471 1124 2525 et
1147 2461 1266 2528 Christi
1293 2462 1433 2527 uinculis
1458 2463 1531 2547 (26,

327 2566 418 2645 492).
511 2567 569 2634 85.
594 2566 760 2632 Ambrosii
788 2568 894 2653 <super
918 2567 1048 2652 Lucum>
1070 2565 1211 2632 Curatur
1233 2565 1435 2654 hydropicus
1459 2569 1532 2647 (15,

329 2671 438 2754 1841).
506 2671 562 2738 86.
587 2669 772 2756 Augustini.
797 2672 862 2752 Qui
886 2670 983 2738 deum
1006 2673 1125 2737 timetis
1148 2693 1212 2738 non
1236 2671 1349 2737 dubito
1373 2669 1421 2756 (8.
1449 2672 1532 2748 107,

326 2776 379 2852 38,
395 2775 486 2850 627).
576 2775 632 2843 87.
662 2777 863 2863 Hieronymi.
897 2776 1043 2842 Pharisei
1074 2775 1194 2842 audito.
1284 2777 1340 2844 88.
1371 2773 1530 2840 Iohannis

328 2879 472 2964 episcopi
496 2878 728 2945 Conuenerunt
750 2883 863 2967 inquit.
953 2881 1010 2948 89.
1035 2879 1211 2965 Augustini
1234 2901 1334 2964 super
1357 2879 1527 2964 epistulas.

327 2983 541 3048 Renouamiui
564 2985 689 3071 spiritu.
780 2987 838 3054 90.
863 2985 1016 3050 Iohannis
1044 2985 1189 3070 episcopi
1223 2983 1388 3050 Christum
1411 2985 1443 3047 in
1468 2983 1530 3048 hu-

327 3089 430 3151 manis
450 3087 577 3154 actibus
600 3089 706 3173 (Mora
727 3089 823 3154 Taur.
842 3113 875 3175 p.
896 3093 978 3171 357,
1002 3088 1083 3154 Petr.
1107 3087 1214 3176 Chrys.
1232 3112 1265 3174 p.
1290 3089 1352 3167 62,
1380 3087 1432 3150 Ea
1455 3109 1527 3172 opp.

327 3191 513 3278 Hieronymi
532 3193 710 3280 presbyteri
744 3194 834 3260 Hom.
858 3197 922 3258 186
949 3195 988 3258 de
1015 3205 1103 3280 temp.
1133 3196 1166 3258 ia
1194 3192 1289 3256 Porcii
1315 3193 1407 3256 Dico.
1432 3193 1528 3255 homi-

328 3295 447 3382 liario).
528 3297 790 3384 91.(6169661).
826 3299 968 3364 Textum
996 3298 1143 3363 lectionis
1171 3297 1383 3380 evangelicae
1406 3295 1528 3360 iratres

328 3401 490 3467 karissimi
512 3402 585 3466 uolo
609 3405 635 3466 si
659 3403 728 3487 (76,
754 3404 865 3488 1282).
953 3404 1011 3470 92.
1038 3402 1106 3489 (fol
1127 3401 1222 3485 190⁶)
1254 3400 1336 3465 Tres
1359 3411 1452 3486 pater
1476 3400 1528 3462 ffi‘s

328 3527 454 3572 sorores
477 3505 600 3572 habuit.
662 3509 718 3576 98.
742 3509 794 3572 Ex
819 3516 958 3573 tractatu
982 3529 1081 3594 super
1103 3505 1265 3592 epistolas.
1291 3503 1529 3570 Confortamiui

328 3610 444 3695 (toturn
461 3612 597 3676 sentitur
619 3613 652 3676 in
674 3611 775 3699 Chr).
844 3615 899 3680 91.
925 3612 1109 3698 Augustini.
1141 3611 1213 3676 Eue
1236 3608 1368 3696 quidam
1392 3607 1527 3691 regulus

328 3714 415 3798 (Joh.
443 3715 523 3780 Erat
553 3716 684 3802 quidam
712 3717 842 3802 regulus
872 3719 963 3782 cuius
991 3716 1076 3781 filius
1103 3714 1186 3802 int).
1282 3714 1338 3781 95.
1362 3710 1526 3796 Gregorii.

327 3820 440 3885 Lectio
463 3844 487 3885 s.
516 3821 677 3906 euangelii
708 3845 806 3910 quam
829 3822 926 3888 modo
956 3824 974 3907 (
979 3824 1029 3901 76,
1055 3822 1165 3902 1211).
1256 3819 1314 3886 96.
1338 3817 1526 3902 Augustini.

328 3924 510 3989 Erudimini
534 3947 644 3991 omues
669 3926 796 4010 (8.13,
821 3929 874 4005 38,
890 3927 982 4013 307).
1054 3925 1109 3994 97.
1133 3924 1307 4009 leronymi.
1333 3921 1424 4008 (Ideo
1448 3921 1527 3984 assi·

328 4030 473 4095 miletum
498 4039 547 4094 cst
569 4031 730 4118 reguum).
755 4031 928 4097 Familiare
952 4041 999 4095 est
1022 4033 1105 4116 syris
1131 4030 1199 4114 (26,
1214 4029 1283 4114 32).
1356 4028 1414 4095 98.
1443 4023 1525 4090 Gre-

327 4137 437 4220 gorius
464 4137 498 4198 in
527 4134 664 4218 dialogo.
711 4135 776 4201 Sed
806 4137 890 4200 iuter
918 4137 978 4201 hec
1006 4133 1175 4199 sciendum
1199 4141 1249 4196 cst
1273 4132 1342 4214 (79,
1357 4130 1450 4209 428).

327 4241 386 4308 99.
411 4239 593 4323 Augustini.
618 4240 771 4306 Narrauit
793 4241 886 4305 Deus
910 4238 1163 4306 similitudinem.
1242 4233 1325 4303 100.
1349 4232 1527 4316 Augustini

328 4343 539 4410 Cantauimus
561 4344 703 4409 Domino
727 4355 759 4409 et
782 4345 923 4411 diximus
947 4344 996 4428 (8.
1019 4345 1076 4425 14,
1102 4344 1154 4419 38,
1173 4341 1262 4416 111).
1338 4337 1415 4404 101.
1438 4335 1526 4400 Iero

328 4452 418 4535 uymi
442 4448 548 4534 presb.
578 4448 685 4535 (Tunc
708 4449 887 4514 habeuntes
910 4449 1052 4535 pharisei
1077 4445 1188 4512 consili
1211 4446 1363 4509 inierunt.
1408 4438 1525 4525 Nuper

327 4554 387 4618 sub
404 4553 544 4618 Caesare
560 4554 723 4637 August03
740 4556 791 4632 26,
809 4556 897 4639 162).
960 4553 1036 4621 102.
1060 4553 1099 4616 16
1115 4551 1177 4615 doe
1187 4553 1202 4631 (
1204 4551 1231 4635 1)
1250 4547 1291 4612 de
1308 4552 1421 4610 sancta
1435 4543 1525 4607 trini·

328 4666 401 4724 tate.
451 4659 608 4742 Quamuis
647 4660 679 4722 in
718 4659 811 4723 huius
852 4659 941 4723 exilii
980 4676 1207 4743 erumpnosam
1249 4652 1430 4716 cecitatem.
