3138 5478
339 473 382 538 90
836 491 864 534 6.
879 491 1025 534 meiana-n.
1283 477 1539 562 (ross-mse}

338 665 373 732 2.
398 663 551 744 Quaestio
574 665 606 728 iu
630 685 694 750 quo
718 663 896 730 intellectus
919 667 960 729 sit
982 664 1196 750 reponendus.
1270 665 1305 732 8.
1327 665 1542 730 Anastasii

340 766 512 854 (Sinaitae)
536 767 747 848 Quaestionas
769 777 803 832 et
824 769 1047 854 responsiones
1069 768 1313 834 ecclesiasticae.
1389 769 1428 834 4.
1453 766 1477 832 J
1482 767 1539 831 oh.

338 871 602 957 Chrysostomi
625 873 657 937 in
673 872 873 936 Matthacum
893 871 1041 948 homiliae
1057 871 1149 937 XIII.
1210 873 1245 940 5.
1261 871 1403 936 Β661111
1421 870 1541 954 Magni

337 973 497 1040 Ascetioa.
585 975 619 1044 6.
642 975 799 1060 Dialogus
821 975 957 1040 Basilii
979 976 1092 1060 Magni
1120 985 1152 1040 et
1174 975 1356 1060 Gregorii
1388 975 1540 1039 Nazian-

337 1081 417 1144 aeni.
485 1079 517 1148 7.
540 1080 724 1146 Sententiae
746 1089 779 1145 et
801 1079 1071 1165 apophthegmata
1096 1079 1174 1164 (Die
1196 1077 1386 1165 Scmmlmsp
1403 1078 1535 1159 Ἀριστον

336 1183 383 1244 καὶ
404 1184 509 1264 πρῶτον
533 1188 661 1266 μάθημα,
690 1183 749 1271 apl.
773 1182 898 1246 Wiener
919 1181 1057 1246 Studien
1077 1184 1157 1268 XI).
1251 1183 1285 1252 8.
1314 1181 1534 1268 Nicephori

336 1285 543 1352 Patriarohae
566 1285 807 1373 Constantinop.
832 1287 1095 1352 Oneirocriticon.
1184 1287 1219 1355 a.
1242 1285 1536 1374 Theophylacti

336 1393 369 1454 in
392 1391 593 1456 Matthaenm
624 1391 791 1476 expositio.
880 1390 936 1458 10:
961 1390 1109 1455 Nicolai
1132 1391 1351 1456 Methonensis
1374 1391 1535 1476 Episcopi

336 1493 376 1558 de
399 1494 523 1580 Spiritu
546 1504 656 1560 sancto
680 1495 836 1559 adversus
860 1493 1004 1558 Latinos.

1426 1605 1513 1661 1655

440 1727 535 1784 otoo.
561 1717 761 1803 (Meermonn
780 1719 858 1805 167)
882 1740 991 1803 ,manu
1013 1721 1204 1802 recentiori‘,
1228 1719 1285 1782 65.
1309 1717 1533 1802 Anthologion

336 1833 368 1887 ct
390 1821 539 1888 homiliae
562 1820 731 1909 quaedam.

1423 1933 1508 1989 1656

438 2055 533 2112 6760.
557 2045 757 2132 (Memnona
772 2047 849 2134 179)
866 2047 911 2130 8⁰,
928 2048 987 2130 65,
1003 2069 1026 2110 s.
1043 2047 1131 2112 XVI.
1155 2045 1370 2112 Conciliorum
1386 2067 1530 2110 canones

336 2172 408 2214 cum
432 2173 650 2216 nomocanone
672 2150 778 2217 Photii
801 2161 833 2216 ct
855 2154 1091 2216 commentariis
1113 2150 1324 2216 Balsamonls.

1420 2263 1504 2318 1657

437 2384 532 2440 6761.
557 2375 758 2460 (Maenorenon
780 2376 857 2461 199)
875 2376 951 2463 foi,
976 2376 1034 2459 65,
1057 2399 1081 2441 s.
1105 2375 1173 2442 XV.
1203 2376 1376 2440 Hermiae
1399 2377 1435 2440 in
1461 2375 1526 2440 Pla-

334 2481 416 2545 tonis
438 2478 633 2544 Phaedrum.

1420 2593 1501 2647 1658

437 2714 531 2770 6762.
549 2705 750 2790 (1116666666
764 2707 842 2792 212)
852 2705 928 2792 fol„
946 2707 1004 2788 65,
1020 2727 1043 2770 o.
1060 2705 1147 2770 XVI.
1165 2705 1310 2770 Cassiani
1327 2704 1523 2791 Geoponica.

1420 2855 1500 2908 1659

437 2974 531 3028 6766.
557 2965 758 3049 (1166666666
779 2967 857 3051 272)
881 2966 926 3048 4⁰,
957 2967 1016 3048 65,
1047 2987 1071 3029 s.
1095 2965 1181 3030 XIV.
1272 2966 1304 3032 1.
1336 2964 1521 3050 Stephani

333 3068 547 3134 Alexandrini
577 3071 733 3155 expositio
757 3071 790 3133 in
820 3068 937 3134 librum
961 3071 1068 3154 magni
1091 3069 1260 3155 Sophistae
1283 3067 1324 3134 de
1346 3070 1459 3133 urinis.

334 3173 369 3240 2.
392 3175 445 3238 Ex
468 3173 646 3260 Olymnio
668 3173 891 3240 Alexandrino
914 3173 955 3239 de
978 3173 1092 3239 diebus
1114 3175 1232 3238 criticis
1255 3172 1346 3238 liber.

1418 3287 1499 3344 1660

436 3409 531 3465 aton.
564 3400 765 3485 (Meennonn
795 3401 872 3485 291)
904 3401 948 3485 8⁰,
978 3422 1030 3483 6.,
1061 3423 1085 3464 s.
1109 3399 1176 3464 XV.
1224 3398 1452 3466 Aristotelis
1481 3401 1518 3464 ad

334 3506 564 3571 Nicomachum
587 3507 774 3571 Ethicornm
797 3504 869 3570 libri
892 3506 934 3570 X.

1418 3619 1495 3674 1661

435 3740 530 3795 6765.
549 3731 748 3816 (1166666666
761 3731 838 3816 298)
844 3755 856 3812 ,·
870 3762 913 3784 --
925 3730 1045 3817 66651)
1058 3731 1103 3814 8⁰,
1118 3755 1169 3814 nn,
1186 3753 1210 3795 s.
1223 3731 1299 3794 XII.
1325 3732 1357 3798 l.
1371 3731 1515 3796 Simeon

333 3837 474 3902 Sothus
497 3835 537 3899 dc
560 3835 703 3900 ciborum
727 3833 985 3921 proprietatibus.
1075 3835 1109 3903 2.
1133 3835 1295 3922 Anonymi
1319 3837 1468 3921 synopsis
1488 3837 1516 3898 in

334 3938 494 4026 quaedam
517 3939 633 4006 Galeni
657 3942 763 4025 capita
786 3939 826 4003 de
850 3938 1056 4025 simplicibus.

1419 4054 1496 4109 1662

435 4176 529 4232 6766.
555 4167 756 4250 (1166666666
777 4169 856 4254 388)
881 4170 939 4250 65,
963 4191 986 4230 s.
1008 4167 1112 4231 XVII.
1182 4168 1213 4235 l.
1230 4167 1362 4252 Georgii
1379 4167 1512 4254 Syucclli

333 4272 469 4356 epitome
492 4271 776 4358 chronographica.
863 4273 897 4340 2.
921 4271 1126 4357 Theophanis
1149 4271 1417 4358 chronographia.

1417 4403 1494 4458 1663

435 4523 530 4579 6767.
563 4514 763 4599 (1166666666
792 4514 870 4599 396)
907 4513 965 4598 65,
996 4537 1020 4578 s.
1053 4515 1137 4579 XVI.
1183 4515 1316 4580 Nicetes
1346 4513 1513 4581 choniates

333 4641 438 4704 opera.
