3250 5488
122 511 208 594 243)
627 529 644 570 r.
659 529 784 572 0000ιο..
799 533 819 570 s.
1272 515 1314 578 49

109 703 232 766 mirum
249 704 278 766 si
294 701 412 766 eleusis
435 705 542 767 ianuis
565 704 625 786 (9).
706 704 762 770 66.
786 702 892 768 Audis
907 715 1017 769 eutem
1033 703 1181 770 Christus
1197 727 1313 792 pessus

109 815 161 868 est
190 827 253 892 pro
281 805 374 871 nobis
403 805 422 890 (
435 805 464 890 ).
554 807 610 873 66.
636 805 796 870 Advenee
826 805 924 871 latine
953 807 1059 890 (Beda
1082 809 1135 886 93,
1158 811 1228 890 41).

109 909 171 976 67.
196 909 255 974 Ad
275 909 346 976 illos
365 909 550 996 specialiter
565 909 622 990 (9).
703 910 761 978 98.
786 911 961 996 Postquam
978 909 1079 975 domit
1096 913 1174 976 vitie
1195 913 1314 998 quibus

110 1011 222 1094 (Beda
248 1015 301 1091 93,
317 1013 387 1098 45).
466 1014 525 1081 69.
549 1013 593 1077 Et
615 1014 809 1097 generaliter
829 1013 869 1076 de
890 1013 1039 1080 omnibus
1056 1015 1112 1100 (9).
1187 1016 1244 1084 79.
1261 1017 1316 1083 Sic

109 1127 143 1180 et
170 1117 296 1182 Paulus
323 1117 365 1182 de
387 1117 469 1201 legis
493 1117 670 1182 cultoribus
692 1119 739 1182 ait
759 1117 866 1200 (Beda
889 1119 941 1195 93,
959 1119 1026 1202 17).
1100 1118 1153 1186 71.
1180 1119 1317 1184 Duobus

108 1220 220 1285 modis
250 1220 393 1304 intellegi
425 1229 532 1305 potest
555 1220 613 1305 (9).
703 1220 759 1288 79.
782 1221 821 1284 10
849 1219 911 1286 hec
939 1230 1048 1286 autem
1075 1225 1235 1288 sententie
1263 1223 1319 1289 ille

109 1323 216 1388 debet
246 1324 354 1409 (Beda
376 1325 430 1401 93,
453 1325 523 1405 39).
612 1322 668 1390 79.
694 1321 836 1408 (legatus
860 1325 909 1408 (1)
935 1345 955 1388 a
979 1323 1146 1410 discipulis
1175 1326 1317 1391 salvator

112 1427 226 1497 (Beda
254 1431 309 1504 94,
331 1429 424 1511 473).
509 1427 564 1494 74.
590 1428 641 1491 De
675 1427 825 1492 omnibus
856 1449 889 1490 se
921 1426 1000 1491 dicit
1020 1428 1128 1511 (Beda
1155 1431 1209 1507 92,
1226 1431 1316 1510 939).
1409 1470 1412 1477 -

111 1531 168 1598 rt.
197 1531 373 1612 Quomodo
411 1531 584 1596 novissime
616 1529 719 1608 (Beda
749 1532 802 1606 92,
831 1532 920 1613 298).
1011 1531 1067 1599 76.
1100 1532 1168 1598 Ηο0
1200 1535 1316 1598 incerti

110 1635 186 1700 finis
219 1636 277 1698 int.
309 1637 370 1718 (.).
461 1634 514 1702 77.
546 1634 598 1697 Ex
629 1633 739 1698 multis
771 1635 875 1698 seneli
912 1635 1072 1718 evangelii
1100 1636 1181 1700 locis
1208 1638 1317 1721 (Beda

112 1739 167 1816 94,
192 1741 285 1822 181).
370 1738 425 1806 78.
450 1737 532 1804 Cum
556 1736 714 1802 ecclesiae
738 1737 851 1821 regula
874 1738 915 1802 sit
938 1738 997 1820 (9).
1077 1740 1132 1807 79.
1157 1739 1245 1820 Quid
1269 1751 1319 1806 est

113 1841 203 1928 quod
233 1842 316 1908 dicit
340 1842 428 1929 quod
452 1841 661 1926 diligentibus
685 1841 743 1924 (9).
833 1837 891 1909 89.
916 1841 989 1906 Hoc
1012 1850 1061 1908 est
1083 1844 1117 1907 in
1140 1845 1317 1911 caenaculo

113 1947 203 2032 quod
227 1949 380 2034 superius
397 1947 504 2030 (Beda
516 1948 568 2023 99,
578 1946 669 2031 945).
737 1947 793 2014 81.
811 1945 963 2010 Probetio
980 1968 1058 2031 ergo
1070 1947 1250 2014 dilectionis
1262 1950 1317 2034 (9).

114 2051 172 2118 89.
196 2051 385 2135 Descriptio
416 2049 574 2114 ecclesiae
603 2049 755 2136 operibus
779 2049 882 2130 (Beda
902 2051 1084 2132 93,149).·
1150 2052 1208 2120 83.
1228 2051 1317 2116 Prin-

116 2177 195 2240 ceps
231 2155 360 2218 scilicet
389 2153 591 2219 Judaeorum
622 2155 712 2217 venit
750 2152 857 2236 (Beda
887 2155 940 2232 99,
967 2154 1057 2238 667).
1146 2156 1201 2223 84.
1231 2155 1317 2237 Quo·

114 2257 213 2324 modo
245 2260 317 2344 ipse
340 2259 501 2324 Dominus
528 2258 574 2320 eit
600 2259 754 2322 maiorem
779 2256 888 2338 (Beda
910 2258 966 2336 93,
989 2259 1077 2338 108).
1159 2260 1215 2328 86.
1240 2259 1317 2324 Pur·

113 2384 229 2448 puram
266 2364 348 2446 regii
391 2361 522 2426 habitus
561 2382 632 2425 esse
669 2359 775 2443 (Beda
804 2363 857 2438 92,
887 2359 978 2444 533).
1067 2361 1126 2429 86.
1157 2361 1317 2428 Mundum

114 2465 291 2530 dilectores
331 2465 442 2530 mundi
478 2464 558 2528 dicit
588 2464 695 2545 (Beda
726 2464 889 2546 93‚102).
978 2464 1034 2531 87.
1062 2465 1144 2544 Quis
1174 2468 1234 2530 iste
1266 2476 1315 2530 est

114 2569 209 2634 homo
252 2569 361 2649 (Beda
390 2571 443 2644 92,
465 2569 556 2649 514).
649 2567 707 2635 88.
736 2567 832 2632 Hanc
867 2588 944 2651 ergo
974 2569 1111 2652 gretiam
1142 2568 1317 2634 humilibus

114 2673 222 2748 (Beda
254 2675 317 2751 93,
346 2672 417 2755 66.)
507 2672 565 2738 89.
597 2670 820 2736 Humiliemini
855 2670 917 2735 sub
944 2673 1066 2756 potenti
1094 2673 1222 2736 nomine
1253 2672 1317 2736 Dei

116 2779 133 2840 i.
165 2799 194 2841 e.
234 2777 297 2840 sub
329 2777 472 2860 potentia
503 2775 567 2839 Dei
599 2775 658 2856 (9).
774 2776 830 2843 99.
863 2775 949 2856 Quia
982 2796 1046 2840 000
1077 2775 1180 2840 solum
1211 2777 1316 2840 iustus

115 2901 256 2966 peccme
294 2879 398 2961 (Beda
428 2881 481 2956 92,
503 2880 595 2961 519).
686 2878 742 2946 91.
774 2877 808 2942 Si
843 2880 915 2964 quis
945 2879 1109 2944 intueatur
1141 2879 1227 2965 quod
1259 2902 1317 2965 pro

115 3007 152 3048 eo
180 2985 242 3068 (9).
334 2985 391 3052 99.
420 2983 606 3048 Misericors
640 2991 689 3046 est
716 2981 876 3047 Dominus
911 3003 1009 3066 super
1036 2985 1177 3067 ingratos
1209 2983 1315 3066 (Beda

115 3089 165 3163 92,
189 3089 283 3164 498).
373 3088 429 3156 93.
458 3088 620 3168 Quoniam
659 3087 806 3170 superius
841 3085 987 3150 diverses
1025 3107 1178 3171 personas
1208 3087 1314 3169 (Beda

115 3195 165 3269 93,
187 3193 260 3274 55).
349 3191 404 3258 94.
433 3189 590 3275 Stagnum
621 3188 823 3254 Genesereth
851 3189 938 3254 idem
967 3189 1080 3253 dicunt
1111 3211 1182 3254 esse
1207 3190 1314 3274 (Beda

114 3297 165 3372 99,
180 3297 253 3380 38).
335 3295 390 3363 96.
412 3293 626 3359 Sacrossncte
650 3294 869 3378 praecursoris
886 3291 1020 3357 Domini
1041 3292 1191 3358 nobilitas
1209 3292 1314 3377 (Beda

116 3401 171 3476 99,
201 3401 296 3482 308).
386 3399 443 3464 96.
475 3398 552 3463 Post
582 3399 785 3462 vocationem
816 3417 893 3480 ergo
924 3396 1131 3481 reliquiorum
1165 3396 1224 3481 (9).

115 3505 169 3572 97.
188 3503 338 3568 Verbum
360 3501 553 3588 impletionis
577 3513 690 3566 sancte
713 3501 814 3586 script
838 3500 896 3582 (9).
979 3501 1033 3569 98.
1057 3501 1205 3585 Apostoli
1228 3523 1313 3567 noue

116 3607 194 3672 hora
213 3607 373 3691 templum
390 3605 493 3690 (Beda
509 3607 561 3682 92,
575 3607 666 3685 951).
746 3605 802 3672 99.
819 3604 982 3668 Virtutem
1004 3603 1097 3668 nobis
1113 3605 1250 3689 perfecit
1268 3607 1312 3688 (.)

116 3711 300 3776 dilectionis
343 3707 450 3794 (Beda
483 3710 540 3786 94,
571 3709 660 3786 ert).
762 3707 840 3776 199.
880 3707 978 3772 Ηο00
1016 3707 1182 3771 Herodem
1226 3711 1312 3773 tertii

119 3815 250 3880 Claudii
284 3835 368 3878 anno
400 3814 460 3895 (9).
549 3812 625 3879 191.
656 3811 827 3896 Philippus
861 3811 920 3874 iste
955 3819 1004 3874 cst
1035 3810 1135 3874 freter
1164 3810 1313 3876 Herodes

118 3921 342 4004 (Hieronymus
369 3919 421 3995 96,
446 3917 534 4000 113).
628 3917 709 3984 199.
734 3913 882 3979 Verbum
904 3915 1011 4001 ipsum
1036 3913 1232 4005 apmxu'b
1254 3915 1313 3997 (9).

118 4025 189 4092 196.
215 4022 408 4087 Praesentes
431 4019 586 4084 videlicet
608 4019 765 4084 caedibus
781 4018 841 4101 (9).
930 4017 1009 4084 194.
1034 4017 1177 4082 Grandis
1193 4018 1313 4082 fiducie

121 4127 345 4213 (Hieronymo
372 4127 424 4202 96,
449 4126 535 4208 138).
619 4125 698 4192 196.
723 4123 896 4208 Praecepit
917 4121 1082 4208 apostolus
1106 4131 1142 4185 ut
1164 4123 1240 4207 quie
1252 4122 1314 4205 (9).

119 4233 190 4300 196.
216 4231 308 4295 Idem
330 4251 395 4294 non
418 4227 519 4291 solum
543 4227 597 4292 illa
619 4229 751 4292 minima
768 4227 827 4310 (9).
909 4225 985 4294 197.
1011 4213 1090 4307 (DF
1108 4247 1158 4288 cm
1180 4224 1308 4308 Raude)

118 4335 278 4402 Pudorem
306 4332 469 4421 quendem
491 4352 550 4417 per
572 4331 653 4395 haec
677 4333 695 4414 (
709 4332 738 4416 ).
828 4329 968 4398 198.Ιο
992 4328 1057 4392 hec
1078 4328 1216 4393 lectione
1240 4349 1312 4392 con·

123 4437 295 4504 siderende
319 4437 426 4522 (Beda
449 4437 500 4511 94,
517 4436 607 4520 989).
683 4435 764 4502 199.
790 4433 965 4498 Debitores
989 4453 1099 4497 sumus
1123 4453 1234 4496 eorum
1252 4431 1312 4516 (9).

125 4544 200 4611 119.
237 4543 280 4607 Et
317 4541 359 4606 de
403 4539 551 4605 omnibus
592 4539 722 4625 quidem
764 4536 907 4621 intellegi
946 4545 1053 4622 potest
1087 4536 1313 4618 (Hieronymus

126 4649 174 4728 96,
196 4649 265 4734 48).
357 4646 433 4712 111.
457 4644 496 4710 Ιο
523 4643 628 4708 XIII·
657 4645 824 4708 mensione
853 4643 911 4727 (9).
1001 4641 1079 4708 119.
1108 4640 1172 4704 Hic
1200 4661 1313 4704 sensus

1141 4748 1157 4796 4
