3228 5478
338 471 379 536 78
870 489 998 544 sastago.

337 662 389 727 37.
413 662 468 729 Ad
505 663 643 729 eundem
681 663 721 730 de
759 665 907 730 omnibns
962 664 1013 729 60.
1037 663 1090 730 Ad
1114 664 1268 730 Rufinum
1291 663 1402 751 presb.
1427 661 1469 727 66
1490 665 1532 728 iu·
1583 689 1584 747 p

414 768 544 833 divinae
566 768 718 834 historiae
741 769 841 834 libris.
1038 768 1122 835 dicio
1146 767 1335 836 Salomonis.

337 872 389 937 38.
413 871 467 938 Aa
504 873 692 940 Amandum
730 873 772 940 66
805 872 908 940 tribus
961 873 1012 939 61.
1036 873 1090 939 Ad
1107 871 1247 938 Vitalem
1266 870 1375 958 presb.
1393 871 1435 937 (le
1451 869 1535 937 Salo

415 977 666 1064 quaestionibus.
1038 999 1132 1042 mone
1155 986 1187 1041 et
1209 977 1331 1042 Achaz.

337 1080 389 1145 39.
414 1080 468 1147 Ad
490 1080 735 1147 Pammachium
762 1081 908 1167 de.opti·
961 1081 1013 1146 62.
1037 1081 1302 1167 rid-Florentium
1315 1081 1357 1148 66
1370 1091 1445 1148 ortu
1460 1083 1534 1144 ami·
1583 1111 1584 1168 p

413 1207 466 1250 mo
489 1207 608 1270 genere
630 1185 874 1272 interpretandi.
1040 1187 1143 1250 citiae.
1583 1199 1584 1276 t

336 1289 390 1354 40.
414 1288 468 1356 Ad
503 1289 670 1356 Oceanum
700 1301 733 1356 et
762 1291 907 1355 Pamma·
962 1290 1013 1354 63.
1038 1290 1092 1355 Ad
1115 1289 1277 1355 eundem?
1583 1299 1584 1304 ’

414 1395 541 1459 chium.'
961 1394 1013 1457 64.
1037 1392 1089 1461 Ad
1107 1392 1324 1460 Valentinum.
1583 1453 1584 1480 ἱ

336 1499 389 1563 41.
413 1500 615 1584 Responsum
640 1498 679 1564 0.
695 1507 727 1563 et
749 1499 785 1564 P.
962 1497 1013 1562 66.
1037 1497 1092 1563 Ad
1114 1497 1281 1582 Abignum
1304 1497 1460 1585 Spanum.

336 1603 390 1669 42.
414 1603 466 1669 Ad
495 1602 662 1669 Oceanum
690 1601 731 1668 66
758 1605 825 1668 vita
848 1602 908 1667 ele·
962 1601 1013 1666 66.
1038 1601 1092 1667 Ad
1108 1600 1346 1668 Castricianum
1369 1601 1410 1668 66
1433 1608 1530 1671 eaeci-

413 1709 563 1773 ricornm.
1034 1715 1110 1771 tate.

337 1811 389 1876 43.
413 1811 468 1878 Ad
484 1810 679 1878 Oeentinum
695 1812 731 1898 (l)
753 1811 794 1877 de
811 1813 907 1877 unius
961 1809 1013 1875 67.
1037 1808 1249 1876 Sabinianum
1275 1809 1402 1896 lapsum
1428 1811 1529 1879 diaco·

412 1917 525 1982 uxoris
547 1917 627 1980 viro.
1036 1935 1113 1979 num
1136 1917 1254 1999 arguit.

337 2020 390 2085 44.
413 2020 468 2086 Ad
481 2020 694 2105 Evangelinm
704 2019 822 2107 presb,
832 2042 907 2106 qua-
960 2017 1011 2082 68.
1035 2015 1088 2083 Α6
1112 2016 1273 2084 Iulianum
1296 2018 1475 2086 diaconum.

412 2124 486 2192 liter
509 2123 663 2190 diaconus
685 2123 743 2190 66.
960 2122 1012 2187 69.
1036 2122 1091 2188 Ad
1113 2123 1247 2188 Niceam
1271 2121 1443 2208 hypodiac.
1583 2159 1584 2178 2

337 2228 389 2294 45.
413 2229 468 2295 Ad
501 2229 639 2295 eundem
669 2229 711 2295 de
740 2228 907 2294 Melchise·
962 2227 1012 2291 70.
1037 2226 1093 2294 Ad
1114 2227 1328 2292 Laurentium
1352 2226 1435 2292 diae.
1583 2219 1584 2236 ¹

415 2333 508 2398 decb.
960 2331 1012 2396 71.
1036 2331 1091 2397 Ad
1113 2331 1284 2396 Rusticum
1307 2331 1504 2398 monachum.

338 2437 389 2501 46.
413 2437 468 2504 Ad
483 2437 654 2503 Marchnm
669 2436 905 2524 presbyterum.
961 2434 1012 2500 72.
1036 2435 1091 2501 Ad
1112 2435 1251 2501 Paulum
1274 2436 1476 2502 monachum.

337 2541 389 2605 47.
414 2540 468 2606 Ad
490 2541 626 2606 Anitnm
649 2541 691 2606 de
712 2541 803 2606 libris
825 2543 907 2627 peri·
961 2538 1012 2603 73.
1036 2539 1090 2605 Ad
1129 2539 1352 2606 Chromatium
1390 2540 1522 2606 Iovinia-

414 2646 545 2711 archon.
1036 2665 1113 2709 num
1135 2643 1323 2709 Eusebium.

337 2749 389 2816 48.
413 2751 581 2836 Expositio
607 2749 685 2814 fidei
713 2759 745 2814 et
771 2748 908 2835 symboli
961 2746 1011 2811 74.
1035 2747 1089 2812 Α6
1113 2747 1366 2833 Chrysocomam
1388 2769 1471 2814 mon.

412 2855 484 2920 Nic.
961 2851 1011 2917 76.
1035 2851 1090 2917 Ad
1112 2851 1290 2917 Antonium
1313 2872 1399 2916 mon.

336 2958 388 3024 49.
412 2958 467 3024 Ad
488 2958 776 3044 Exsuperantium.
961 2955 1011 3021 76.
1035 2955 1088 3021 Ad
1112 2954 1329 3022 Theodosium
1353 2964 1386 3020 et
1408 2967 1521 3022 ceteros

337 3063 389 3128 50.
413 3061 468 3128 Ad
490 3063 669 3128 Rusticum.
1035 3058 1248 3125 anachoritas.

337 3167 388 3231 51.
412 3165 466 3232 Ad
489 3165 707 3231 Desiderium.
961 3163 1011 3228 77.
1035 3163 1090 3229 Ad
1112 3164 1309 3229 Minervium
1332 3174 1366 3228 et
1388 3163 1520 3230 Aleum·

337 3271 388 3335 62.
413 3269 466 3336 Α6
490 3268 630 3335 eundem
654 3270 695 3335 de
717 3270 821 3336 tribus
844 3273 906 3335 vir-
1036 3268 1131 3334 drum
1155 3290 1238 3332 mon.

413 3374 535 3439 tutibus
559 3395 674 3438 sermo.
961 3370 1011 3436 78.
1036 3371 1090 3436 Ad
1121 3371 1320 3459 Cyprianum
1350 3371 1458 3457 presb.
1489 3373 1523 3438 66

337 3479 389 3544 63.
412 3478 465 3545 Ad
483 3478 676 3544 Dardanum
697 3478 846 3543 deterre
860 3501 907 3542 re·
1035 3475 1149 3563 psalm.
1171 3475 1416 3543 LXXXVIIH.

412 3583 641 3669 promissionis.
961 3580 1012 3646 79.
1035 3579 1258 3666 Apologiticus
1299 3579 1342 3645 ad
1383 3579 1521 3645 Pamma-

337 3687 389 3753 64.
411 3687 557 3774 Epistola
585 3685 759 3773 Epiphanii
788 3684 831 3750 ad
860 3686 907 3751 Io·
1038 3684 1155 3749 chium.

411 3791 553 3857 hannem
577 3790 743 3857 Constant.
960 3789 1011 3854 80.
1035 3789 1090 3854 Ad
1113 3787 1262 3853 eundem.

337 3895 389 3962 66.
412 3894 515 3962 Liber
534 3905 645 3962 contra
661 3893 849 3960 Helvidium
865 3892 907 3960 66
960 3892 1012 3958 81.
1036 3893 1090 3960 Ad
1117 3892 1363 3958 Pammachium
1391 3901 1423 3957 et
1444 3891 1518 3957 hisr-

412 4002 496 4084 virg.
1035 3997 1158 4062 cellam.

336 4105 389 4170 66.
412 4104 582 4170 Adversus
598 4102 766 4190 Vigilantii
781 4102 905 4189 blasph.
959 4100 1010 4167 82.
1035 4100 1088 4179 Ad
1112 4102 1339 4166 Domnionem.

336 4210 389 4276 67.
412 4209 467 4276 Ad
489 4209 657 4295 Riparium
680 4207 905 4294 presbyterum
959 4205 1010 4271 83.
1034 4205 1089 4271 Ad
1105 4204 1317 4271 Eustochium
1341 4202 1382 4268 de
1404 4205 1481 4288 virg.
1496 4225 1516 4267 s.

412 4313 570 4380 adversus
592 4311 814 4397 Vigilantiam.
958 4309 1009 4374 84.
1033 4309 1088 4374 Ad
1109 4308 1254 4375 Asellam
1276 4307 1317 4373 do
1340 4307 1362 4372 f.
1386 4309 1499 4372 amicis.

336 4418 388 4484 68.
411 4417 582 4484 Adversus
604 4415 825 4502 Vigilantiam.
959 4413 1011 4480 86.
1034 4413 1088 4480 Ad
1104 4414 1257 4498 Virgines
1279 4412 1495 4478 hemonenses.

337 4522 389 4588 69.
412 4522 467 4587 Ad
489 4521 647 4606 Magnum
674 4530 834 4586 oratorem
856 4543 906 4586 ur·
959 4517 1010 4583 86.
1034 4517 1087 4583 Ad
1103 4516 1349 4585 Demetriadem
1368 4517 1516 4601 virginem

412 4625 463 4690 bis
485 4625 616 4690 Romae.
1035 4623 1089 4689 lib.
1105 4622 1147 4688 11.
