3246 5474
92 487 339 560 (4669-4876)
428 496 519 539 nxxxr.
534 497 615 549 corpu·
629 496 709 540 cornu
722 497 817 550 corregs.
831 497 963 552 osseus.
1250 481 1293 548 65

1185 684 1267 740 4869

198 789 250 844 62.
273 777 413 862 membr„
445 801 469 843 s.
493 777 588 842 XIII.
623 779 817 865 *Expositio
847 777 959 845 Bedse
989 781 1021 844 in
1046 779 1110 845 VII
1141 779 1292 866 epistolas

94 887 269 951 eunoniess
294 884 363 969 (93,
378 884 448 967 9).*

1186 999 1271 1054 4870

199 1103 251 1158 66.
274 1091 413 1175 membr„
437 1114 461 1157 r.
478 1092 566 1158 XIV.
606 1090 877 1176 *Augustinus
901 1093 943 1159 de
966 1093 1118 1160 conflictu
1140 1096 1291 1160 vitiorum

90 1207 125 1265 et
149 1201 306 1265 virtutum
331 1197 528 1284 (40,1091).

198 1416 250 1472 65.
273 1407 412 1486 membr„
432 1429 457 1472 s.
473 1406 550 1472 XII.
576 1407 745 1471 Hersilien
764 1429 824 1472 uon
839 1408 953 1472 Ceteros
969 1408 1018 1472 uis
1034 1407 1157 1472 Adeone
1173 1314 1291 1491 (41384816,

90 1511 281 1599 Gregorius,
304 1510 511 1598 Augustinus
533 1509 620 1598 dte).

1185 1626 1268 1681 4872

199 1730 251 1784 66.
274 1718 414 1803 membr„
437 1741 462 1785 s.
481 1717 576 1784 XIII.
614 1721 726 1805 Imago
758 1721 870 1787 mundi
902 1741 960 1807 per
983 1721 1163 1787 Henrioum
1194 1743 1292 1787 eano-

89 1827 202 1892 nienm
234 1824 390 1890 eeclesiae
420 1825 454 1891 S.
476 1823 600 1890 Mariae
631 1826 772 1891 civitatis
794 1825 998 1910 Moguntiee3
1028 1847 1061 1891 u.
1079 1848 1110 1890 a.
1126 1827 1213 1889 auch
1239 1826 1292 1890 die

91 1931 196 1996 Gesta
210 1929 363 1995 Berlesm
386 1938 419 1995 et
433 1929 593 2015 Josuphst
613 1929 667 1993 des
682 1930 756 1996 Job.
772 1931 998 1996 Damascenus
1021 1929 1091 1995 uod
1105 1931 1292 1997 Methodius

91 2033 135 2099 de
158 2036 316 2122 principio
341 2034 460 2101 sueouli
485 2033 589 2119 (Bibl.
604 2035 641 2100 P.
657 2035 704 2099 M.
720 2034 823 2122 Med.
839 2034 906 2118 III,
924 2036 1013 2121 727).

1184 2149 1269 2205 4873

199 2252 251 2308 66.
274 2243 415 2327 membr„
437 2266 462 2310 s.
479 2242 548 2308 XV.
616 2245 647 2310 1.
672 2243 929 2311 Cassiodorus
960 2244 1000 2309 de
1022 2246 1223 2312 institutione
1246 2245 1291 2310 di-

91 2352 244 2414 vinarum
261 2347 440 2414 litterarum
466 2348 640 2434 (70,105).
719 2349 753 2417 2.
779 2349 921 2415 Isidori
937 2348 1018 2416 liber
1034 2350 1074 2415 de
1090 2359 1291 2416 sacramento

91 2453 308 2540 baptismatis,
330 2451 410 2540 bey:
432 2455 716 2536 ,Reuerentissimo
737 2465 836 2541 utque
856 2455 1026 2520 karissimo
1048 2454 1151 2520 fratri.
1175 2455 1291 2539 Peregi

92 2562 155 2624 etsi
171 2580 235 2624 uon
251 2557 360 2623 solerti
377 2559 523 2623 efficacis
539 2557 636 2645 plens
651 2567 760 2624 tumen
775 2557 960 2624 obedientis
974 2558 1046 2624 de!
1123 2559 1158 2626 3.
1175 2556 1291 2624 Isidori

91 2663 135 2729 de
166 2662 391 2730 ecelesiasticis
421 2663 536 2729 offioiis
566 2663 639 2729 libri
662 2663 695 2728 11
724 2664 789 2749 (83,
814 2665 901 2746 737).
989 2667 1023 2731 4.
1058 2663 1214 2730 Eiusdem
1244 2663 1289 2749 (l)

92 2769 135 2834 de
158 2768 384 2835 ecelesiasticis
413 2769 669 2834 institutionibus
699 2767 774 2834 libri
797 2769 898 2852 XlIl3
934 2767 1014 2856 bey:
1044 2770 1104 2851 ,Ee
1127 2791 1210 2854 quse
1235 2791 1292 2855 por

90 2876 171 2939 anni
194 2873 348 2940 oiroulum
376 2874 490 2940 ordine
513 2877 686 2940 constituto
708 2875 741 2938 in
765 2873 884 2939 diuinis
911 2882 1053 2960 aguntur
1080 2874 1194 2940 officiis
1220 2874 1292 2940 ὦσέ

1183 2989 1267 3045 4874

200 3093 252 3147 66.
276 3082 415 3167 membr„
443 3106 467 3148 e.
490 3081 665 3146 VIII-IX
693 3081 1016 3168 (ieret-ambrisne).
1056 3083 1291 3170 (Gregoriill

91 3187 263 3252 Homelise
286 3189 319 3251 in
335 3187 517 3272 Evangelia
539 3187 579 3252 od
605 3187 759 3274 populum
781 3186 912 3252 habitae
935 3189 967 3252 in
991 3187 1128 3253 diversis
1151 3187 1292 3256 basilicis

91 3291 227 3357 Romae.

1183 3408 1268 3464 4875

197 3509 249 3565 ¹11.
274 3499 415 3586 membr„
432 3523 455 3563 s.
473 3500 550 3565 XII.
604 3502 636 3568 1.
652 3500 810 3567 Macrobii
827 3501 1021 3567 Saturnalia.
1075 3501 1109 3570 2.
1127 3501 1292 3568 Ciceronis

90 3607 247 3672 Somnum
271 3604 431 3692 Scipionis
459 3628 532 3672 oum
563 3608 793 3672 commentario
818 3605 986 3672 Macrobii.
1076 3607 1109 3675 3.
1133 3605 1292 3694 Apuleius

91 3712 134 3776 de
151 3710 303 3797 dogmate
319 3710 472 3795 Platonis,
489 3710 530 3776 de
546 3710 756 3798 philosophie,
773 3711 814 3775 de
830 3711 962 3796 mundo,
983 3711 1024 3776 de
1039 3711 1100 3777 deo
1116 3712 1290 3778 Socratis*

1183 3827 1266 3882 4876

197 3930 250 3986 61.
274 3921 388 3999 ebert,
419 3945 443 3986 e.
467 3919 534 3986 XV.
626 3922 657 3988 1.
694 3921 828 3986 Homeri
869 3921 944 3987 Ilius
983 3937 1015 3986 et
1044 3921 1203 4008 Odyssea.

91 4026 126 4092 2.
152 4025 294 4106 Quintus
317 4026 526 4112 Smyrnaeus.
549 4027 606 4093 Gr.

1183 4141 1266 4195 4877

196 4243 248 4300 66.
272 4234 411 4311 membr..
434 4258 458 4302 r.
476 4236 527 4300 IX
549 4235 691 4321 (X-XI
701 4237 789 4322 Bu).
815 4235 970 4301 Claudius
991 4235 1141 4302 Clemens
1165 4235 1292 4321 (Tauri-

92 4340 217 4425 nensis)
242 4341 414 4427 presbyter
437 4345 469 4406 in
494 4343 698 4428 evangelium
722 4342 888 4407 Matthaei.

1186 4454 1269 4510 4878

197 4559 269 4616 107.
295 4551 409 4637 chare,
433 4574 457 4616 s.
474 4551 561 4618 XVI.
630 4555 662 4620 1.
687 4552 837 4619 Valerius
864 4550 906 4616 ed
929 4551 1083 4616 Rufinum
1108 4549 1147 4615 de
1170 4551 1291 4636 nuptiis

92 4679 156 4723 non
180 4655 338 4724 habendis
355 4656 506 4742 (Hieron.
524 4680 571 4744 ep.
589 4657 674 4744 App.
691 4659 751 4740 36,·
771 4658 825 4741 30,
842 4655 931 4742 254).
992 4656 1025 4723 2.
1049 4656 1192 4721 Seneoee
1208 4655 1289 4720 Her-

1119 4764 1135 4813 δ
