3246 5474
118 417 363 492 (4921-4828)
450 432 540 474 nuri.
555 432 636 486 mma·
650 434 728 476 mirso
743 435 836 490 carras.
851 437 982 492 omrem.
1276 424 1316 492 71

1207 629 1290 686 4921

226 719 299 775 812.
322 710 461 794 membr„
484 735 509 778 a.
527 714 621 779 XIII.
652 715 920 802 *Augustinus
954 719 996 784 de
1023 723 1206 789 visitatione
1229 725 1314 791 infir·

118 835 245 879 morum
263 814 446 899 (40,1147)
471 819 541 882 uod
563 820 615 884 De
631 843 710 888 cura
729 843 788 909 pro
805 826 940 889 mortuis
955 827 1100 908 gerenda
1118 827 1185 912 (40,
1201 828 1266 893 591
1263 829 1313 915 ).*

224 929 298 984 818.
321 919 460 1004 νωνῶν,
485 924 523 1007 (s.
545 923 656 1010 XIII).
682 927 784 993 *Vita
807 926 969 1014 Apollonii
991 930 1094 1015 Tyrii.
1206 942 1289 997 4822

1207 1048 1290 1102 4923

225 1140 298 1195 820.
321 1131 460 1217 membr„
550 1136 569 1201 l
599 1135 638 1220 (a.
660 1136 753 1221 XII).
795 1137 981 1220 Homilior,
1014 1139 1219 1224 morantate
1252 1165 1314 1206 ooo

117 1229 333 1318 Augustinus.
402 1237 423 1305 2
448 1237 486 1322 (ε.
504 1237 594 1326 VII).
619 1240 767 1307 Oenones
789 1243 1035 1329 poenitentiales
1058 1244 1094 1307 ia
1117 1246 1138 1307 2
1159 1244 1313 1310 Brtclrern

117 1337 190 1400 arrd
202 1337 255 1402 dic
267 1338 540 1424 Interrogationes
557 1343 800 1412 Cantuariensis
816 1369 890 1412 cnm
906 1348 1170 1434 responsionibus
1187 1350 1219 1416 S.
1234 1351 1314 1418 Gre-

117 1443 202 1524 gorii
225 1465 327 1529 papac
349 1445 439 1511 urbis
461 1447 584 1515 Romae
608 1449 774 1536 (Gregorii
789 1451 866 1538 1309.
883 1451 931 1516 cd.
948 1451 1137 1520 Hortmoa'o
1159 1453 1205 1538 II,
1220 1457 1312 1541 331).

1206 1569 1290 1625 4924

224 1661 298 1717 828.
320 1654 463 1738 cremba,
488 1679 512 1722 s.
533 1658 619 1723 XIV.
651 1658 790 1724 Allcrlci
817 1660 973 1747 Erzerpte
1002 1661 1065 1746 (De
1092 1684 1177 1749 pena
1199 1674 1232 1728 et
1254 1667 1312 1729 ori·

115 1758 194 1837 gine
216 1756 311 1822 Pilati
340 1768 372 1824 ct
393 1759 501 1826 Iudae
524 1763 701 1847 Iscariotis,
733 1765 785 1830 De
812 1763 1028 1844 Antichristo,
1060 1765 1101 1832 de
1128 1777 1232 1834 morte
1259 1769 1312 1835 Sc·

115 1881 217 1926 necas
240 1864 341 1948 osso..)

1205 1984 1289 2040 4925

223 2083 297 2138 828.
327 2073 470 2152 membr„
501 2099 525 2140 a.
551 2077 642 2142 VIII.
683 2077 882 2144 Aldelmus
913 2078 954 2143 de
986 2079 1082 2144 laude
1117 2081 1313 2165 virginitatis

117 2175 187 2259 (89,
204 2179 294 2264 237).

1206 2300 1289 2354 4926

222 2400 295 2454 880.
330 2390 479 2475 membra,
513 2414 537 2459 s.
569 2393 645 2457 XII.
688 2393 870 2458 Martianus
909 2391 1041 2478 Capella
1079 2392 1139 2455 mit
1177 2393 1312 2460 Glossae

115 2493 280 2560 Martiani.

1206 2613 1289 2668 4927

222 2716 297 2770 881.
320 2706 458 2788 membr,
481 2731 505 2772 s.
523 2707 591 2774 XV.
682 2707 739 2774 *1.
769 2707 843 2772 Duo
867 2728 1031 2772 sermones
1054 2706 1085 2771 b.
1102 2707 1313 2792 Augustini

116 2810 159 2874 ds
174 2833 308 2897 corpore
324 2822 356 2877 et
371 2815 529 2898 sanguine
546 2813 677 2878 Domini
699 2810 774 2896 (opt.
787 2810 868 2876 Kod.
885 2810 970 2874 2457
985 2841 1028 2866 =
1044 2811 1133 2876 Tria.
1149 2813 1180 2896 0,
1197 2813 1228 2894 9,
1244 2814 1312 2898 33).

116 2915 152 2982 2.
188 2915 301 2982 Sermo
336 2917 470 2982 Eusebii
504 2917 648 2981 Emiseni
683 2915 723 2980 de
757 2937 891 3002 corpore
925 2925 958 2981 ct
989 2919 1145 3000 sanguine
1181 2916 1313 2983 Domini

116 3016 220 3099 (Bibl.
238 3018 274 3084 P.
290 3020 336 3084 M.
356 3020 455 3106 Lupd.
473 3020 528 3104 VI,
545 3021 634 3106 636).
724 3021 759 3087 3.
784 3020 977 3086 Gennadii
1006 3019 1073 3104 (68,
1091 3020 1169 3105 908)
1194 3031 1227 3086 et
1249 3021 1314 3087 lsi·

115 3123 204 3188 dori
231 3124 368 3210 catalogi
397 3125 438 3191 de
460 3127 540 3190 viris
562 3123 741 3191 illustribus
767 3124 960 3209 (83‚1107).
1049 3128 1081 3193 4.
1104 3123 1249 3190 Isidorus
1272 3126 1313 3190 de

114 3231 184 3294 vita
215 3237 248 3294 et
277 3238 379 3296 morte
413 3241 598 3296 sanctorum
632 3232 800 3315 utriusqus
834 3231 1017 3295 testamenti
1048 3229 1225 3316 (83‚129).

116 3334 150 3399 b.
174 3333 432 3419 Hieronymus
468 3335 510 3400 ad
544 3337 689 3419 virgines
725 3334 766 3399 de
800 3335 997 3399 continentia
1031 3333 1195 3420 virginali3
1235 3334 1314 3421 hep:

116 3438 294 3522 ‚Quantam
335 3441 369 3505 in
406 3438 578 3504 celestibus
616 3438 850 3504 beatitudiuem
888 3441 1058 3525 virginitas
1095 3450 1208 3504 sancta
1246 3462 1313 3525 pos·

115 3541 222 3607 sidect
244 3541 315 3608 doc!
339 3542 412 3630 (XI,
431 3545 493 3606 127
509 3541 618 3629 Vati).
696 3544 729 3610 o.
752 3543 846 3609 Idem
868 3543 910 3608 ad
934 3542 1118 3610 Celanciam
1143 3565 1206 3630 quo
1230 3545 1313 3609 iuste

115 3656 150 3711 et
172 3656 260 3712 caste
283 3650 375 3712 vivat
400 3647 474 3734 (Ep.
493 3649 572 3727 148,
594 3648 773 3733 22,1204).

1206 3764 1289 3819 4928

222 3868 296 3922 882.
319 3856 458 3941 membr„
482 3880 505 3924 s.
522 3858 599 3921 XII.
689 3860 721 3925 l.
746 3858 859 3924 Sermo
883 3859 914 3924 S.
933 3856 1141 3943 Augustini
1173 3858 1213 3922 de
1243 3881 1312 3944 pre-

116 3964 222 4027 sentia
245 3963 309 4027 Dei
339 3963 382 4027 ad
412 3963 605 4031 Dardanum
638 3963 714 4049 (Dp.
735 3964 812 4043 187;
833 3964 887 4046 33,
902 3963 993 4048 832),
1083 3962 1116 4029 2.
1149 3962 1312 4047 Epistolae

115 4066 209 4133 Pauli
240 4075 272 4132 et
295 4068 447 4134 Senecae.
539 4068 598 4135 *3.
623 4068 735 4133 Sermo
767 4067 808 4132 de
837 4069 1056 4153 assumptione
1087 4076 1217 4130 sanctae
1249 4067 1312 4130 Dei

115 4174 291 4256 genetricis
322 4173 460 4255 Mariae;
494 4169 573 4257 dep:
600 4170 715 4255 ,Adest
745 4171 838 4236 nobis
862 4171 1061 4236 dilectissimi
1092 4169 1218 4252 iratres,
1243 4169 1312 4234 dies

116 4276 214 4342 ualde
236 4276 431 4341 uenerabilis
454 4275 525 4340 ‹ch
550 4275 779 4361 (Augustini
801 4273 834 4340 S.
852 4274 937 4361 App.
954 4275 1034 4352 208,·
1055 4275 1108 4355 39,
1125 4273 1237 4358 2130).

116 4382 150 4446 4.
174 4381 288 4448 Sermo
311 4381 393 4446 alius
420 4381 461 4445 dc
491 4380 620 4466 eadem;
656 4378 736 4466 dep:
771 4379 867 4460 ,Quia
896 4377 1167 4464 profundissimae
1195 4387 1226 4442 et
1253 4399 1312 4442 sua

117 4485 276 4570 dignitate
300 4484 474 4550 altissimae
497 4482 567 4549 doc}
593 4483 851 4570 (Augustinus
874 4481 1053 4565 401143).
1140 4481 1174 4548 5.
1198 4481 1311 4548 Sermo

115 4589 147 4654 b.
174 4590 364 4674 Hieronymi
389 4589 560 4675 presbiteri
584 4588 624 4653 de
648 4588 777 4672 eadem;
803 4586 881 4673 dep:
904 4587 1005 4669 ,Inter
1028 4587 1198 4672 precipuas
1222 4609 1310 4651 sanc-
