3204 5480
61 529 297 607 (asto—2836)
397 539 436 580 nr.
451 540 470 580 a.
486 536 616 589 cussus.
637 534 804 588 sun-sm
818 533 911 588 cum.
1204 513 1244 576 21

1142 715 1225 772 2830

152 822 185 884 A.
202 827 270 884 m.
286 829 317 884 6.
340 840 397 901 11.,
428 815 563 881 aXIII.
632 819 662 884 1.
686 813 908 880 Hildeberti
942 833 1075 878 versus:
1105 811 1157 876 De
1192 833 1247 876 ex-

57 925 238 1013 planatione
271 925 399 1005 missas,
429 922 481 986 De
515 942 649 1008 corpore
679 929 712 986 et
741 920 899 1003 sanguine
926 918 1058 982 Domini
1091 915 1247 1002 (,Melcbi·

57 1029 146 1096 sedec
177 1026 585 1112 ec.‘;171,1193);D0
615 1026 809 1110 baptismate
840 1023 982 1106 (,Hostia
1012 1020 1118 1107 cte.‘),·
1146 1043 1247 1108 quare

57 1157 113 1200 non
126 1131 323 1219 copulentur
334 1134 368 1196 in
381 1133 529 1216 coniugio
542 1131 773 1214 consanguinei
790 1127 941 1212 (,Affines
950 1126 1046 1213 stef).
1093 1128 1126 1194 2.
1146 1128 1249 1209 ,Sicut

56 1249 124 1304 aute
158 1259 221 1302 nos
260 1236 393 1323 quidam
431 1239 559 1322 sapiens
593 1235 678 1300 dixit
710 1231 780 1298 dcc!
815 1230 1022 1317 (1111111111,
1051 1233 1125 1314 139,
1155 1231 1246 1316 179).

58 1344 87 1410 3.
110 1340 223 1425 (etwas
254 1341 355 1406 ultore
386 1340 502 1426 Hand)
531 1338 786 1406 Cassiodorus
817 1339 850 1402 in
878 1337 1072 1402 Psalterium
1097 1333 1247 1420 (Glosse).

1143 1449 1222 1504 2831

153 1551 186 1614 A.
204 1557 272 1614 m
294 1561 345 1615 11.
375 1573 434 1630 m.,
462 1571 486 1614 s.
509 1549 578 1614 XV.
631 1547 807 1615 Gall'redus
838 1546 879 1611 de
914 1546 1078 1612 Vinesauf
1104 1546 1145 1611 de
1178 1555 1248 1610 erte

58 1653 213 1736 dictandi,
246 1655 386 1721 Ovidius
419 1655 461 1720 de
491 1652 615 1734 vetula,
648 1651 799 1718 Nicolaus
826 1652 979 1716 Trivetns
1014 1672 1111 1737 super
1139 1651 1249 1716 Ovidii

59 1760 345 1845 Metamorphoses,
368 1759 511 1826 Jecobns
535 1758 575 1823 de
599 1757 738 1824 Cessolis
761 1757 803 1822 de
824 1755 901 1821 ludo
925 1758 1097 1822 scaccario.

155 1867 189 1927 A.
206 1873 274 1929 m.
292 1873 342 1929 15.
365 1887 416 1947 11.,
440 1885 464 1928 s.
481 1861 575 1927 XIII.
601 1861 783 1947 *Apollonii
806 1861 898 1946 Tyrii
922 1861 1086 1926 historia*.
1145 1870 1227 1925 2832

1143 1974 1226 2030 2833

155 2076 188 2136 A.
206 2081 315 2137 1v.s.
339 2093 389 2156 m.,
412 2091 435 2134 s.
453 2068 547 2134 XIII.
624 2071 677 2137 *1.
703 2069 925 2136 Cassiodori
959 2069 1041 2134 liber
1071 2068 1111 2133 de
1142 2072 1251 2134 anima

61 2177 121 2260 (10,
150 2176 268 2262 1279).
360 2175 394 2242 2.
426 2173 602 2239 Rathranni
636 2173 719 2238 liber
750 2173 790 2238 de
824 2175 932 2239 anima
964 2173 1038 2259 (opi.
1071 2175 1145 2254 121,
1176 2175 1251 2262 12)‚·

60 2279 201 2344 eiusdem
224 2279 309 2344 liber
335 2278 375 2343 de
398 2301 435 2344 oo
466 2278 553 2364 quod
577 2278 725 2344 Christus
754 2277 794 2342 de
826 2279 951 2364 virgine
982 2299 1039 2363 per
1069 2279 1250 2344 naturalem

59 2387 199 2471 corporis
221 2395 348 2472 partem
370 2395 465 2450 natus
488 2393 538 2448 cst
561 2380 649 2468 (121,
665 2385 735 2470 31).
808 2383 861 2451 *3.
886 2384 1058 2448 Tractatus
1089 2383 1130 2449 de
1153 2387 1251 2471 scrip·

60 2492 134 2554 turis
156 2489 278 2554 divinis
294 2510 359 2553 una
374 2511 446 2554 cum
463 2491 664 2574 expositione
688 2487 891 2574 quorundam
914 2487 1057 2554 locorum
1074 2489 1249 2554 Geneseos.

61 2593 148 2673 Quae
164 2596 347 2680 scripturae
364 2591 493 2658 divinae
508 2595 623 2658 merito
639 2592 780 2658 debeant
795 2591 969 2678 appellari,·
984 2590 1067 2678 bap:
1083 2593 1250 2676 ,Lectores

62 2699 242 2764 diuinarum
265 2700 498 2784 scripturarum
520 2700 681 2764 instruere
705 2707 830 2783 oportet
852 2698 922 2761 dic!

1146 2811 1228 2866 2834

160 2911 193 2972 Δ.
210 2916 270 2972 Π.
288 2917 338 2972 10.
368 2929 425 2990 11.,
455 2929 480 2971 s.
496 2905 572 2971 XII.
657 2909 688 2974 l.
712 2906 891 2973 Defloratio
924 2905 1080 2972 librorum
1109 2906 1141 2972 S.
1170 2905 1253 2972 Am-

62 3011 176 3078 brosii
217 3012 257 3078 de
294 3012 418 3078 officiis.
501 3013 534 3080 2.
558 3012 591 3079 8.
619 3012 845 3098 Hieronymi
881 3011 955 3078 libri
993 3011 1057 3076 duo
1095 3010 1253 3076 adversus

63 3115 269 3183 Joviuiauum
294 3115 361 3202 (23,
379 3117 468 3203 211).

1148 3231 1230 3287 2836
1311 3277 1315 3292 .

162 3325 196 3388 Δ.
212 3333 271 3389 IV.
291 3335 341 3388 11.
363 3346 420 3407 11.,
450 3346 474 3389 s.
491 3323 575 3388 XIV
577 3323 623 3388 in.
713 3324 743 3391 1.
765 3323 917 3389 Monachi
955 3323 1124 3390 cniusdam
1155 3323 1253 3411 Orcy-

64 3427 188 3494 landiae
230 3431 437 3515 exceptiones
471 3428 648 3514 Augustini
691 3427 770 3512 (cus
804 3430 857 3494 De
893 3432 1075 3516 quantitate
1116 3431 1253 3512 animae,

66 3532 167 3598 Orosii
209 3537 415 3619 quaestiones
454 3534 496 3599 ad
530 3535 768 3617 Augustinnm,
807 3533 938 3599 Celestii
979 3537 1185 3622 quaestiones
1222 3545 1255 3598 et

65 3640 286 3723 responsiones
319 3639 513 3724 Augustini,
548 3641 599 3704 De
630 3638 778 3704 doctrina
811 3638 1013 3722 Christiana,
1053 3639 1104 3704 Dc
1139 3649 1255 3703 natura

66 3741 147 3826 boni,
182 3743 331 3829 Epistula
366 3743 409 3808 ad
444 3742 653 3825 Dardanum,
691 3743 934 3824 Confessiones,
973 3744 1079 3829 Super·
1116 3745 1254 3829 primam

66 3857 189 3931 partem
219 3847 377 3931 Psalterii,
410 3849 462 3912 De
484 3871 538 3912 xrv
568 3846 809 3929 beatudinibus,
832 3847 884 3912 De
915 3849 1047 3912 civitate
1070 3849 1149 3930 Dei,
1180 3848 1255 3932 Epi-

68 3951 189 4038 stulae).
256 3953 289 4020 2.
317 3952 499 4037 Gregorii
530 3951 679 4016 homiliae
710 3975 749 4015 xn
777 3953 810 4015 in
835 3951 1015 4037 Evangelia
1047 3951 1253 4037 (76,1075).

70 4055 101 4123 3.
124 4056 317 4122 Ambrosii
354 4057 394 4122 dc
431 4056 516 4121 bono
552 4057 664 4122 mortis
703 4055 769 4141 (14,
793 4057 883 4142 539).
955 4057 988 4122 4.
1020 4055 1254 4138 Smaragdns

70 4181 161 4246 super
187 4161 332 4246 regulum
359 4161 392 4227 S.
416 4159 585 4226 Benedicti
615 4161 702 4248 (102,
719 4160 808 4247 689).
877 4161 910 4230 5.
933 4160 1027 4226 Libri
1055 4180 1255 4225 summarum

70 4263 200 4333 loannis
222 4268 428 4332 Damasceni.

510 4409 513 4418 ·
1149 4381 1232 4436 2836

168 4479 200 4540 A.
215 4484 276 4540 IV.
294 4485 344 4541 18.
374 4499 433 4560 m.,
464 4498 488 4540 s.
509 4475 603 4542 XIII.
671 4477 735 4542 Dic
771 4475 994 4561 Haadscbrift
1034 4476 1155 4540 stimant
1195 4475 1256 4539 mit

72 4575 143 4645 Cod.
166 4581 232 4644 500
245 4611 288 4636 =
302 4581 398 4646 Bodl.
422 4582 486 4645 186
513 4603 607 4667 sopor
635 4579 684 4644 bis
707 4581 776 4668 auf
798 4581 851 4646 die
873 4581 903 4644 Τ
898 4578 956 4644 ital
981 4602 1087 4665 pennu
1113 4580 1255 4644 ilberein.

74 4685 102 4750 1.
136 4687 360 4771 Expositiones
402 4687 542 4772 partium
583 4689 703 4753 veteris
741 4700 773 4750 et
811 4689 886 4752 novi
927 4688 1132 4764 testamenti;
1174 4683 1257 4772 bap:
