3138 5478
347 487 408 552 102
840 501 868 544 u.
884 499 1031 544 metesa-n.
1432 479 1546 564 (1745)

344 675 438 760 lupus
454 685 486 740 et
502 675 608 740 catule
629 676 771 740 forment
793 674 937 740 coeundo
960 673 1111 739 liciscam.
1157 673 1259 737 Dona
1281 674 1312 740 1.
1337 671 1439 753 ‚Onm
1461 691 1544 734 nnus

345 780 385 842 sit
407 801 463 842 aer
482 781 514 842 in
531 777 595 842 duo
615 777 771 844 diuiditur
793 775 863 842 ὥσ]
929 779 962 844 8.
987 779 1050 860 ,De
1073 775 1225 842 Ceroma:
1250 772 1543 857 Quaestiunculam

344 882 421 946 mihi
452 881 561 946 datam
590 880 660 946 ὥσ]
693 881 899 967 (Anonymi
921 903 987 968 ep.,·
1017 883 1075 963 96,
1105 881 1216 966 138)
1305 879 1341 946 l).
1369 875 1450 964 (fol.
1475 877 1543 962 13⁶)

345 984 513 1072 Olympias
543 996 592 1050 est
621 987 708 1072 apud
739 1007 873 1072 graecos
904 1007 1008 1050 annus
1036 985 1102 1050 IIII
1132 985 1173 1049 ab
1204 983 1321 1069 olimpo
1353 1003 1463 1067 agone
1486 978 1543 1046 ὥσ.

278 1075 281 1082 ’
346 1087 426 1174 (Eia
440 1088 836 1175 yriecttscu-tareiniseta
850 1087 1009 1174 Glossar.)
1065 1083 1545 1173 10.(f0t.14⁶)71>ietieta.·

345 1190 535 1256 Ambrosius
559 1192 699 1276 fueram3
723 1192 780 1257 sed
803 1213 890 1256 nunc
912 1213 983 1256 sum
1007 1190 1070 1256 nile
1084 1189 1226 1255 cadaver
1240 1187 1298 1254 ὥσ.
1344 1189 1403 1255 11.
1430 1185 1544 1272 Incipit

344 1297 412 1360 vita
424 1295 509 1360 beati
518 1296 667 1380 Gregorii
683 1318 788 1382 papae
803 1317 822 1359 a
835 1294 1012 1361 uenerabili
1028 1293 1120 1360 Beda
1139 1293 1327 1380 presbytero
1342 1292 1542 1376 conscripta:

344 1399 522 1482 Gregorius
546 1398 619 1464 urbi
643 1397 686 1484 (e
706 1398 773 1486 ml)
803 1397 958 1463 Romulae
981 1407 1116 1484 epatre
1140 1396 1306 1464 Gordiano
1330 1393 1392 1460 ὥσ.
1429 1391 1542 1477 (Pauli

345 1501 487 1566 Diacoai
509 1501 593 1582 otta·
619 1503 667 1586 75,
690 1502 779 1589 411).
868 1502 925 1569 12.
951 1500 1028 1588 (fol.
1053 1501 1109 1587 20)
1134 1503 1156 1564 6
1178 1499 1364 1564 Diemclen:
1388 1496 1542 1581 ,Fundite

345 1604 443 1669 corda
472 1627 585 1691 preces
616 1606 801 1671 lacrimosas
831 1607 947 1670 mittite
979 1627 1075 1670 uoces
1097 1602 1168 1668 ὥσ]
1200 1603 1260 1688 (im
1282 1603 1312 1666 4.
1336 1601 1434 1666 Verre
1463 1601 1541 1664 roird

344 1709 455 1772 Bruno
477 1708 631 1794 pacificus
647 1710 812 1795 erudiat).
881 1709 937 1776 13.
963 1707 1135 1794 (Edenda).
1159 1705 1363 1791 ‚Panendnm
1377 1704 1425 1770 de
1441 1704 1538 1770 Theo

345 1811 431 1896 philo
461 1810 595 1876 diacono
626 1823 658 1878 et
687 1812 899 1878 nicedemino.
945 1813 1083 1878 Factum
1113 1823 1162 1878 est
1188 1813 1376 1897 prinsquam
1402 1810 1539 1873 incursio

345 1915 437 1978 fieret
459 1915 529 1978 ὥσ]
558 1914 655 1999 (Acta
677 1915 734 1980 SS.
758 1917 788 1980 4.
812 1915 904 1980 Febr.
929 1915 960 1998 I,
983 1917 1072 2000 483).
1162 1917 1216 1982 14.
1242 1913 1318 2000 (fol.
1343 1913 1401 1998 26)
1427 1911 1537 1998 Incipit

346 2019 457 2084 Sermo
474 2018 506 2084 S.
523 2017 733 2105 Augustini
749 2019 789 2084 de
805 2021 952 2104 originali
967 2031 1115 2105 peccato:
1132 2017 1229 2085 Unde
1243 2019 1361 2082 iratres
1376 2017 1537 2082 karissimi

346 2121 484 2208 qualiter
506 2122 653 2188 trahatur
675 2121 733 2188 ὥσ.
808 2125 862 2193 li.
889 2123 966 2209 (fol.
990 2124 1046 2209 28)
1072 2122 1247 2189 (lonnersio
1268 2120 1322 2186 nel
1344 2122 1537 2207 poenitentia

346 2225 378 2290 S.
402 2225 526 2290 Mariae
549 2224 782 2312 Aegyptiacae.
828 2227 996 2294 Secretum
1024 2228 1109 2312 regis
1137 2225 1242 2290 celere
1265 2224 1385 2290 bonnm
1410 2235 1460 2288 est
1480 2221 1533 2287 ὥσ.

347 2329 365 2412 (
365 2330 413 2411 73,
437 2329 525 2414 671)
582 2328 639 2396 16.
665 2329 741 2416 (fol.
758 2331 815 2416 38)
841 2331 1020 2396 Conuersio.
1042 2329 1094 2396 nel
1116 2331 1313 2415 poenitentia
1327 2327 1360 2394 S.
1377 2326 1534 2412 Pelagine.

346 2431 457 2496 Verba
483 2432 658 2497 sacerdotis
688 2436 770 2498 tenti
791 2432 849 2498 ὥσ.
883 2433 954 2517 (73,
982 2434 1071 2519 663).
1160 2433 1213 2499 lt.
1239 2431 1316 2517 (fol.
1340 2433 1397 2516 42)
1428 2431 1533 2496 Passio

346 2536 378 2601 S.
392 2536 539 2600 Marinae
555 2537 710 2622 Martyris
727 2535 856 2603 Christi.
873 2537 955 2602 Erat
969 2537 1102 2624 quidam
1118 2535 1272 2601 secularis
1287 2533 1346 2600 ὥσ.
1365 2535 1433 2620 (73,
1449 2537 1529 2618 691).

345 2639 452 2725 Deeyl.
476 2638 661 2704 Passiones:
689 2642 745 2707 18.
770 2642 802 2706 S.
826 2642 997 2706 Enlrosine
1010 2693 1017 2705 .
1030 2642 1109 2707 Fuit
1130 2642 1181 2706 uir
1204 2641 1236 2703 in
1259 2637 1466 2704 Alexandria
1480 2639 1531 2702 ὥσ.

347 2743 413 2826 (73,
422 2744 511 2829 643).
556 2744 612 2811 19.
638 2745 669 2810 S.
687 2745 868 2810 Caterinac.
892 2746 1061 2830 Regnante
1084 2747 1182 2829 igitur
1197 2741 1254 2808 ὥσ.
1302 2743 1359 2811 26.
1385 2741 1463 2828 (sol.
1479 2745 1530 2828 56)

346 2847 499 2911 Reversio
523 2847 555 2912 S.
580 2847 702 2913 Crucis
737 2849 897 2934 Tempore
920 2849 972 2912 illo
996 2860 1167 2934 postquam
1190 2847 1401 2914 Constantino
1426 2845 1483 2910 ὥσ.

346 2951 401 3017 21.
425 2951 477 3015 De
500 2951 707 3017 translatione
723 2954 755 3018 S.
771 2951 939 3018 Benedicti
955 2951 1103 3017 Abbatis.
1128 2951 1210 3018 Oum
1226 2951 1283 3017 diu
1305 2971 1386 3036 gene
1409 2951 1529 3035 Lango-

346 3053 428 3118 bard
439 3052 497 3118 ὥσ.
516 3053 700 3138 (Mobillon,
716 3055 799 3120 Acta
815 3053 871 3120 SS.
888 3055 923 3120 O.
940 3056 980 3120 B.
997 3055 1043 3139 ΙΙ,
1063 3057 1153 3142 353).
1188 3055 1247 3123 22.
1266 3055 1283 3140 (
1276 3054 1343 3141 fol.
1353 3055 1409 3140 62)
1427 3055 1530 3120 Sermo

346 3158 377 3222 b.
401 3159 647 3244 Hieronymi
679 3159 720 3224 ad
751 3161 886 3226 Paulam
917 3171 949 3225 et
978 3163 1120 3245 virgines
1151 3159 1211 3226 sub
1242 3183 1280 3225 ea
1311 3160 1466 3244 degentes
1494 3159 1529 3224 dc

346 3265 563 3348 assumptione
587 3263 618 3328 S.
641 3265 764 3329 Mariae
790 3265 863 3350 (Ep.
881 3287 970 3351 epar.
988 3265 1052 3344 IX‚·
1073 3266 1125 3346 30,
1148 3265 1237 3350 122).
1306 3265 1362 3332 23.
1388 3262 1464 3349 (sol.
1483 3265 1528 3337 ii)

346 3366 562 3451 Amphilochii
592 3370 732 3454 episcopi
764 3371 796 3432 in
826 3371 894 3433 uite
924 3381 956 3434 et
986 3368 1147 3434 miraculis
1178 3371 1281 3434 sancti
1311 3371 1413 3454 patris
1439 3373 1528 3432 nestri

347 3469 456 3533 Basilii
479 3471 711 3557 archiepiscopi
735 3472 945 3558 Capadociae.
977 3472 1185 3538 Dilectissimi
1208 3495 1271 3536 non
1295 3485 1365 3538 erat
1386 3473 1461 3538 inde
1482 3497 1529 3537 cor

346 3574 400 3638 fid.
411 3573 468 3638 ὥσ.
488 3575 554 3658 (73,
564 3577 652 3662 293).
677 3577 732 3643 24.
747 3577 863 3662 Incipit
876 3581 942 3642 uita
958 3578 990 3644 S.
1008 3579 1198 3664 Hieronymi
1214 3577 1406 3664 presbyteri.
1428 3579 1526 3642 Hiero·

346 3701 462 3763 nymus
479 3691 587 3744 noster
602 3683 634 3744 in
651 3681 768 3766 oppido
785 3681 934 3747 Stridone
950 3679 1008 3745 ὥσ.
1058 3683 1115 3749 26.
1133 3682 1244 3746 Passio
1261 3682 1398 3768 Dionysi
1414 3685 1525 3748 Rustici

346 3795 378 3848 et
400 3784 576 3849 Eleutherii
598 3785 838 3850 Archidiaconi.
866 3788 943 3851 Post
966 3787 1092 3852 beatem
1120 3797 1152 3852 et
1175 3786 1385 3852 salutifferam
1408 3788 1525 3852 Domini

346 3890 446 3952 nostri
476 3873 545 3952 dms
622 3890 680 3957 26.
704 3891 780 3954 Vita
807 3891 944 3955 Dionisii
972 3889 1220 3955 Mediolanensis
1252 3893 1403 3977 episcopi.
1433 3893 1526 3956 Tanta

348 3996 551 4077 prerogativa
579 3998 701 4078 gratiae
729 4007 821 4080 puter
843 3993 900 4058 ὥσ.
936 3995 1029 4059 Buca
1053 3999 1073 4058 2
1096 3993 1224 4081 legia-nt
1248 3993 1331 4079 (llos
1354 3995 1423 4060 eine
1445 3995 1525 4059 holle

346 4097 430 4160 Scito
453 4098 576 4182 spittor)
603 4099 704 4181 Igitur
719 4121 792 4163 cum
810 4122 834 4163 e.
850 4098 908 4163 ὥσ.
999 4099 1054 4166 27.
1078 4099 1211 4184 (audere
1230 4099 1342 4183 Haud,
1364 4122 1388 4164 e.
1402 4101 1441 4182 X,
1464 4100 1524 4164 atet-

348 4201 444 4264 leiclrt
474 4200 571 4286 diter)
605 4203 706 4286 lncip.
736 4215 827 4286 gesta
852 4203 1146 4288 Langobardorum
1177 4225 1353 4289 eorumque
1383 4207 1523 4289 originem

347 4308 503 4392 incipiunt
525 4306 666 4392 capitula
692 4306 763 4371 libri
786 4310 881 4392 primi
904 4307 962 4372 ὥσ.
992 4307 1278 4394 ,Septemtrionalia
1300 4310 1397 4394 plaga
1419 4321 1523 4396 quanto

347 4412 450 4494 magis
484 4409 526 4474 eb
562 4421 654 4474 aestu
681 4409 754 4474 solis
788 4421 913 4476 remota
948 4421 996 4476 est
1029 4412 1191 4498 (Paulus
1218 4412 1353 4493 Πίσα,
1381 4413 1433 4498 95,
1461 4415 1523 4496 433,

347 4514 440 4576 Buclt
464 4515 481 4575 1
507 4515 576 4577 und
598 4517 618 4577 2
642 4513 691 4577 bie
714 4537 784 4600 cop.
802 4515 927 4600 XVII).
