3250 5488
117 501 201 588 (³55)
610 517 628 559 1.
642 517 768 560 1111111..
783 521 816 560 ιι,
1265 501 1309 566 73

114 692 323 776 Hodiernum,
340 694 550 775 dilectissimi,
571 693 779 758 festiuitatem
799 713 859 778 per
883 693 924 776 (I,
941 695 1031 776 226).
1113 694 1168 763 31.
1194 695 1305 778 Augu·

114 801 210 862 sunus
240 819 341 883 super
364 798 558 864 Johannem.
603 797 764 863 Dominus
788 795 829 862 de
852 819 953 882 regno
977 799 1033 885 (ul.
1055 799 1170 886 grege)
1194 820 1251 863 suo
1275 809 1307 862 et

114 904 151 967 de
171 904 256 966 ostio
281 903 478 987 (361720).
565 903 622 970 32.
647 901 726 966 Leo.
772 901 926 988 Perpetui
948 905 1090 968 muneris
1123 903 1309 990 (Augustini

115 1007 247 1088 8186,
269 1007 324 1084 39,
348 1006 460 1092 2094).
550 1007 605 1074 33.
630 1007 832 1091 Augustinus
860 1027 958 1092 super
979 1007 1171 1073 Jobannem.
1218 1008 1306 1090 Quid

114 1121 159 1176 est
185 1132 284 1176 nemo
311 1120 419 1198 potest
446 1112 569 1176 uenire.
670 1110 726 1178 34.
752 1110 829 1175 Leo.
877 1109 1078 1176 Hodiernum
1108 1110 1306 1176 dilectissimi

114 1216 322 1280 lestiuitatem
347 1215 387 1299 (1,
404 1215 483 1300 229)
501 1215 648 1280 descens.
716 1215 772 1283 35.
798 1216 876 1280 Leo.
900 1215 979 1279 Post
1000 1213 1089 1280 illam
1112 1216 1306 1300 singularem

114 1321 298 1404 (Amant
303 1318 357 1406 (1]
373 1318 406 1384 8.
424 1321 503 1402 182,
518 1322 571 1398 39,
587 1321 690 1400 2087,
706 1320 794 1383 Man.
820 1320 915 1384 Taua.
932 1343 1005 1406 app.
1021 1321 1090 1402 33).
1150 1321 1207 1390 36.
1231 1321 1306 1385 Am·

114 1425 207 1488 brosii
232 1447 335 1510 snper
356 1424 492 1490 Lucam.
515 1425 590 1490 Non
613 1424 723 1490 ociosa
745 1424 840 1490 huius
864 1425 1035 1512 paralytici
1060 1427 1128 1508 (15,
1150 1427 1263 1508 1722).

113 1529 166 1598 37.
189 1529 323 1594 Leonis.
369 1527 596 1593 Dubitandum
620 1551 684 1594 non
708 1537 758 1592 est
780 1528 822 1612 (Ι,
838 1531 929 1614 230).
1001 1530 1307 1598 38.Ι.1ο111.Ρ11μ

114 1635 240 1698 nissime
265 1633 398 1718 quidem
428 1633 469 1715 (1,
490 1634 580 1718 220).
669 1633 724 1700 39.
749 1631 934 1717 Augustini.
970 1633 1123 1698 Aduertit
1153 1637 1307 1700 sanctitas

113 1749 219 1802 nesus
244 1737 354 1822 (Mae.
385 1737 478 1802 Tuur.
500 1759 534 1821 p.
561 1738 653 1818 331).
734 1737 795 1804 40.
820 1736 978 1821 Gregorii.
1026 1738 1064 1802 In
1088 1738 1198 1803 verbis
1222 1741 1306 1802 sacri

113 1842 225 1928 eloquii
252 1843 451 1928 (761302).
528 1841 583 1908 41.
608 1841 782 1925 Augustini
806 1844 837 1905 in
861 1841 944 1906 libro
967 1842 1008 1906 de
1032 1841 1141 1906 uerbis
1163 1843 1305 1908 Domini.

113 1947 285 2012 lectiones
301 1956 436 2012 sanctam
452 1947 656 2032 praepositae
680 1945 890 2029 (8.112,38,
907 1946 997 2032 043).
1064 1946 1121 2013 42.
1146 1944 1305 2032 Gregorii.

112 2049 182 2116 lloc
204 2050 330 2116 distare
356 2049 554 2134 (761266).
629 2049 684 2118 43.
719 2049 872 2114 leronimi
902 2047 1087 2136 presbyteri
1115 2073 1213 2137 super
1239 2051 1307 2116 Ma-

112 2157 230 2220 tbeum.
267 2155 357 2237 Quid
387 2153 480 2219 uobis
510 2152 649 2218 uidetur.
730 2155 787 2220 44.
821 2151 1014 2219 Ambrosius
1042 2176 1140 2241 super
1169 2154 1304 2221 Lucam.

113 2257 192 2338 Quis
214 2281 260 2323 ex
285 2257 602 2340 ιιο1111(15,1846).
677 2257 735 2324 45.
760 2255 948 2341 Gregorius.
984 2259 1156 2324 Aestiuum
1179 2269 1307 2345 tempus

115 2363 317 2442 (761246).
406 2362 464 2430 46.
489 2361 652 2426 Ambrosii
680 2383 777 2448 super
805 2361 939 2426 Lucam.
985 2361 1058 2426 Non
1082 2364 1188 2427 ociose
1211 2364 1308 2449 pluri·

112 2489 246 2532 morum.
342 2465 398 2534 47.
421 2465 475 2530 Ex
497 2474 639 2530 tractatu
662 2465 836 2549 Augustini
863 2467 895 2529 in
923 2488 970 2553 ps.
995 2465 1097 2532 XXX
1128 2466 1307 2532 secundum

114 2571 232 2636 Dauid.
256 2569 422 2636 Intendite
438 2570 555 2634 fratres
571 2569 675 2656 ipsam
690 2572 763 2635 iam.
828 2571 883 2637 48.
907 2571 1110 2656 Augustinus
1134 2571 1174 2636 de
1198 2571 1308 2637 uerbis

113 2675 254 2740 Domini.
301 2673 468 2741 Admonet
494 2695 554 2740 nos
584 2673 732 2739 dominus
760 2683 868 2738 noster
900 2672 949 2759 (S.
975 2677 1035 2757 82;
1055 2677 1108 2755 38,
1129 2677 1219 2760 506).

111 2781 167 2847 49.
190 2779 408 2864 Augustinus.
432 2778 555 2844 Audite
578 2776 822 2862 euangelistam.
916 2781 971 2848 50.
995 2779 1187 2845 Ambrosius
1210 2801 1308 2865 super

113 2885 248 2949 Lucam.
274 2883 468 2948 Ascendens
490 2893 599 2948 autem
616 2882 776 2948 Dominus
800 2885 869 2967 (15,
886 2884 997 2969 1717).
1061 2884 1116 2952 51.
1132 2883 1305 2948 Maximus.

113 2989 318 3070 Quantorum
339 2985 534 3052 mirabilium
559 2987 662 3072 (Mea.
693 2987 787 3050 Tour.
808 3011 840 3072 p.
858 2988 948 3072 639).
1015 2987 1072 3056 52.
1096 2988 1307 3072 Augustinus.

112 3091 258 3178 Tempus
281 3089 435 3156 admonet
456 3091 573 3156 fratres
597 3091 703 3172 (Meo.
725 3091 822 3154 Taur.
844 3114 875 3176 p.
898 3091 988 3177 043).
1055 3092 1110 3160 53.
1133 3092 1308 3177 Augustini

113 3217 154 3260 ex
171 3196 199 3260 l.
215 3195 348 3261 omeliis.
372 3195 445 3260 Non
461 3194 564 3260 solum
579 3197 612 3259 in
628 3216 711 3260 nouo
735 3194 785 3280 (8.
802 3196 883 3278 385,
898 3196 951 3274 39,
969 3197 1081 3281 1690).
1144 3197 1200 3264 54.
1224 3197 1308 3261 Iero-

112 3301 189 3364 nimi
218 3321 318 3386 super
350 3298 453 3364 Math.
499 3299 598 3366 Jesus
626 3311 751 3365 autem·
766 3301 962 3364 conuocatis.
1063 3301 1119 3368 55.
1144 3299 1308 3366 Ambrosii

113 3427 211 3490 super
225 3404 363 3469 Lucam.
386 3404 505 3470 Postea
519 3426 584 3489 qua
599 3403 662 3469 illa.
722 3404 780 3471 56.
805 3404 989 3488 Augustini.
1015 3402 1136 3468 Oauete
1153 3405 1265 3490 inquit.

114 3511 170 3576 57.
194 3507 359 3592 Origenis.
410 3507 500 3589 Quos
529 3506 626 3593 paulo
658 3509 815 3594 superius.
913 3509 971 3576 58.
1000 3508 1176 3592 Augustini
1206 3531 1249 3573 ex
1279 3508 1308 3573 L

113 3611 246 3677 omeliis.
293 3610 390 3692 Quod
421 3612 634 3677 admonemur
664 3611 839 3676 admonere
870 3611 919 3695 (8.
946 3613 1024 3693 113,
1050 3613 1109 3690 38,
1131 3613 1221 3696 648).

112 3717 170 3784 59.
193 3716 397 3802 Hieronymi.
422 3714 690 3796 Questiunculam
706 3717 908 3801 proposuisti.
984 3716 1043 3783 60.
1067 3716 1244 3801 Augustini
1267 3739 1309 3782 ex

114 3821 299 3886 Lomeliis.
353 3819 391 3884 In
423 3818 572 3886 omnibus
602 3821 770 3907 scripturis
800 3820 920 3884 diuinis
951 3819 999 3903 (S.
1022 3822 1103 3901 315,
1133 3822 1186 3900 39,
1207 3823 1309 3902 2348,

116 3925 148 3988 8.
160 3927 242 4004 253,
256 3925 310 4002 39,
323 3926 435 4008 2212).
507 3925 562 3992 61.
588 3925 772 4008 Augustini.
796 3923 992 3988 Audiuimus
1013 3923 1130 3989 fratres
1147 3924 1308 3990 karissimi

114 4029 280 4094 dominum
303 4050 362 4115 per
390 4029 565 4115 prophetas
596 4029 705 4108 839,
726 4031 779 4107 38,
796 4029 886 4114 241).
979 4030 1038 4098 62.
1062 4029 1239 4113 Augustini
1267 4030 1308 4094 de

115 4133 223 4198 uerbis
246 4131 389 4198 Domini.
413 4133 508 4196 Dixit
522 4143 631 4197 autem
648 4133 807 4198 Dominus
823 4132 865 4198 ad
882 4132 1050 4217 quosdam.
1115 4133 1171 4202 63.
1196 4133 1308 4218 Augu·

116 4239 186 4302 atini
210 4260 255 4302 ex
278 4237 306 4300 L
330 4235 463 4301 omeliis.
496 4236 583 4319 Quid
607 4237 753 4302 fecimus.
820 4239 878 4304 64.
903 4237 956 4301 Ex
979 4245 1122 4302 tractatu
1145 4237 1177 4304 8.
1196 4237 1308 4322 Augu·

117 4343 187 4405 atini
215 4363 316 4426 snper
342 4339 503 4427 epistolas.
536 4339 700 4405 Fidutiam
723 4340 821 4406 talem
845 4340 1012 4406 babemus.
1078 4342 1134 4410 65.
1159 4339 1308 4425 Gregorii

117 4467 212 4532 saper
235 4443 451 4509 Ezechielem.
497 4443 678 4528 Vigilantes
701 4444 819 4510 fratres
841 4445 1044 4510 intuendum.
1149 4445 1207 4511 66.
1232 4445 1308 4508 Am·

116 4549 211 4614 brosii
234 4551 269 4614 in
296 4548 380 4613 libro
408 4547 449 4612 de
478 4551 697 4614 sacramentis.
743 4551 795 4614 Dc
819 4549 995 4614 moralibus
1018 4548 1215 4614 cotidianum
1240 4549 1308 4632 (16,

116 4655 200 4740 389).
278 4651 336 4720 67.
362 4653 537 4737 Augustini
560 4653 601 4718 de
624 4653 734 4719 uerbis
762 4653 905 4718 Domini.
934 4652 1086 4718 Gaudere
1109 4673 1168 4718 nos
1191 4652 1308 4718 fratres
