<?xml version="1.0" encoding="UTF-8"?>
<!DOCTYPE html PUBLIC "-//W3C//DTD XHTML 1.0 Transitional//EN"
    "http://www.w3.org/TR/xhtml1/DTD/xhtml1-transitional.dtd">
<html xmlns="http://www.w3.org/1999/xhtml" xml:lang="en" lang="en">
 <head>
  <title>
</title>
<meta http-equiv="Content-Type" content="text/html;charset=utf-8" />
  <meta name='ocr-system' content='tesseract 3.04.00' />
  <meta name='ocr-capabilities' content='ocr_page ocr_carea ocr_par ocr_line ocrx_word'/>
</head>
<body>
  <div class='ocr_page' id='page_1' title='image "./bibliothecapatr00schegoog/bibliothecapatr00schegoog_0940.png"; bbox 0 0 3246 5474; ppageno 0'>
   <div class='ocr_carea' id='block_1_1' title="bbox 630 447 1506 522">
    <p class='ocr_par' dir='ltr' id='par_1_1' title="bbox 630 447 1506 522">
     <span class='ocr_line' id='line_1_1' title="bbox 630 447 1506 522; baseline 0.003 -23"><span class='ocrx_word' id='word_1_1' title='bbox 630 459 720 500; x_wconf 80' lang='lat' dir='ltr'>nun.</span> <span class='ocrx_word' id='word_1_2' title='bbox 736 458 817 510; x_wconf 63' lang='lat' dir='ltr'>aaran</span> <span class='ocrx_word' id='word_1_3' title='bbox 831 458 911 500; x_wconf 74' lang='lat' dir='ltr'>cariat</span> <span class='ocrx_word' id='word_1_4' title='bbox 925 457 1018 510; x_wconf 56' lang='lat' dir='ltr'>artus.</span> <span class='ocrx_word' id='word_1_5' title='bbox 1033 457 1167 510; x_wconf 69' lang='lat' dir='ltr'>canarius.</span> <span class='ocrx_word' id='word_1_6' title='bbox 1252 447 1506 522; x_wconf 74' lang='lat' dir='ltr'>(tata-4953)</span> 
     </span>
    </p>
   </div>
   <div class='ocr_carea' id='block_1_2' title="bbox 1392 642 1482 699">
    <p class='ocr_par' dir='ltr' id='par_1_2' title="bbox 1392 642 1482 699">
     <span class='ocr_line' id='line_1_2' title="bbox 1392 642 1482 699; baseline -0.044 -1"><span class='ocrx_word' id='word_1_7' title='bbox 1392 642 1482 699; x_wconf 81' lang='grc'><strong>4946</strong></span> 
     </span>
    </p>
   </div>
   <div class='ocr_carea' id='block_1_3' title="bbox 279 747 1511 1368">
    <p class='ocr_par' dir='ltr' id='par_1_3' title="bbox 279 747 1511 1368">
     <span class='ocr_line' id='line_1_3' title="bbox 405 747 1509 833; baseline -0.002 -22"><span class='ocrx_word' id='word_1_8' title='bbox 405 759 480 813; x_wconf 77' lang='grc'><strong>480.</strong></span> <span class='ocrx_word' id='word_1_9' title='bbox 503 747 642 833; x_wconf 63' lang='lat' dir='ltr'>membr„</span> <span class='ocrx_word' id='word_1_10' title='bbox 665 771 690 814; x_wconf 90' lang='lat' dir='ltr'>s.</span> <span class='ocrx_word' id='word_1_11' title='bbox 706 747 791 812; x_wconf 91' lang='lat' dir='ltr'><em>VIII</em></span> <span class='ocrx_word' id='word_1_12' title='bbox 810 748 847 832; x_wconf 85' lang='lat' dir='ltr'>(a.</span> <span class='ocrx_word' id='word_1_13' title='bbox 864 749 992 830; x_wconf 83' lang='lat' dir='ltr'>XBr.).</span> <span class='ocrx_word' id='word_1_14' title='bbox 1093 751 1125 816; x_wconf 85' lang='lat' dir='ltr'>l.</span> <span class='ocrx_word' id='word_1_15' title='bbox 1149 748 1250 814; x_wconf 89' lang='lat' dir='ltr'>Liber</span> <span class='ocrx_word' id='word_1_16' title='bbox 1273 747 1408 812; x_wconf 89' lang='lat' dir='ltr'>Martini</span> <span class='ocrx_word' id='word_1_17' title='bbox 1437 748 1509 832; x_wconf 90' lang='lat' dir='ltr'>epi·</span> 
     </span>
     <span class='ocr_line' id='line_1_4' title="bbox 279 851 1509 939; baseline -0.003 -22"><span class='ocrx_word' id='word_1_18' title='bbox 279 877 283 883; x_wconf 93' lang='lat'>·</span> <span class='ocrx_word' id='word_1_19' title='bbox 303 855 390 939; x_wconf 88' lang='lat' dir='ltr'>scopi</span> <span class='ocrx_word' id='word_1_20' title='bbox 414 853 455 917; x_wconf 89' lang='lat' dir='ltr'>ad</span> <span class='ocrx_word' id='word_1_21' title='bbox 471 853 632 918; x_wconf 92' lang='lat' dir='ltr'>Mironem</span> <span class='ocrx_word' id='word_1_22' title='bbox 656 875 766 938; x_wconf 91' lang='lat' dir='ltr'>regem</span> <span class='ocrx_word' id='word_1_23' title='bbox 791 851 858 939; x_wconf 86' lang='grc'><strong>(72,</strong></span> <span class='ocrx_word' id='word_1_24' title='bbox 875 853 944 937; x_wconf 88' lang='grc'><strong>22).</strong></span> <span class='ocrx_word' id='word_1_25' title='bbox 1002 854 1036 921; x_wconf 98' lang='grc'>2.</span> <span class='ocrx_word' id='word_1_26' title='bbox 1061 853 1163 918; x_wconf 92' lang='lat' dir='ltr'>Liber</span> <span class='ocrx_word' id='word_1_27' title='bbox 1183 853 1344 918; x_wconf 79' lang='lat' dir='ltr'>Ferrandi</span> <span class='ocrx_word' id='word_1_28' title='bbox 1361 853 1509 916; x_wconf 85' lang='lat' dir='ltr'>Diaconi</span> 
     </span>
     <span class='ocr_line' id='line_1_5' title="bbox 302 957 1509 1043; baseline -0.003 -21"><span class='ocrx_word' id='word_1_29' title='bbox 302 958 345 1022; x_wconf 89' lang='lat' dir='ltr'>ad</span> <span class='ocrx_word' id='word_1_30' title='bbox 368 959 529 1043; x_wconf 88' lang='lat' dir='ltr'>Reginum</span> <span class='ocrx_word' id='word_1_31' title='bbox 552 960 702 1023; x_wconf 90' lang='lat' dir='ltr'>comitem</span> <span class='ocrx_word' id='word_1_32' title='bbox 727 959 795 1042; x_wconf 83' lang='lat'><em>(67,</em></span> <span class='ocrx_word' id='word_1_33' title='bbox 811 959 901 1043; x_wconf 87' lang='lat'><em>928).</em></span> <span class='ocrx_word' id='word_1_34' title='bbox 968 959 1001 1026; x_wconf 83' lang='lat'>3.</span> <span class='ocrx_word' id='word_1_35' title='bbox 1026 957 1138 1024; x_wconf 89' lang='lat' dir='ltr'>Sermo</span> <span class='ocrx_word' id='word_1_36' title='bbox 1161 957 1325 1024; x_wconf 83' lang='lat' dir='ltr'>Ambrosii</span> <span class='ocrx_word' id='word_1_37' title='bbox 1346 957 1509 1042; x_wconf 85' lang='lat' dir='ltr'>Autperti</span> 
     </span>
     <span class='ocr_line' id='line_1_6' title="bbox 303 1060 766 1149; baseline -0.002 -22"><span class='ocrx_word' id='word_1_38' title='bbox 303 1063 344 1127; x_wconf 92' lang='lat' dir='ltr'>de</span> <span class='ocrx_word' id='word_1_39' title='bbox 368 1063 546 1148; x_wconf 85' lang='lat' dir='ltr'>cupiditate</span> <span class='ocrx_word' id='word_1_40' title='bbox 571 1060 638 1148; x_wconf 83' lang='lat'><em>(89,</em></span> <span class='ocrx_word' id='word_1_41' title='bbox 655 1063 766 1149; x_wconf 85' lang='grc'><strong>1277).</strong></span> 
     </span>
     <span class='ocr_line' id='line_1_7' title="bbox 1393 1175 1484 1231; baseline -0.022 -1"><span class='ocrx_word' id='word_1_42' title='bbox 1393 1175 1484 1231; x_wconf 82' lang='grc'><strong>4947</strong></span> 
     </span>
     <span class='ocr_line' id='line_1_8' title="bbox 407 1279 1511 1368; baseline -0.003 -24"><span class='ocrx_word' id='word_1_43' title='bbox 407 1291 482 1352; x_wconf 76' lang='grc'><strong>436.</strong></span> <span class='ocrx_word' id='word_1_44' title='bbox 505 1279 644 1365; x_wconf 65' lang='lat' dir='ltr'>membr„</span> <span class='ocrx_word' id='word_1_45' title='bbox 667 1301 691 1344; x_wconf 87' lang='lat' dir='ltr'>a.</span> <span class='ocrx_word' id='word_1_46' title='bbox 704 1279 726 1345; x_wconf 76' lang='grc'>2.</span> <span class='ocrx_word' id='word_1_47' title='bbox 751 1280 1011 1346; x_wconf 81' lang='lat' dir='ltr'><strong>Commentarius</strong></span> <span class='ocrx_word' id='word_1_48' title='bbox 1027 1281 1059 1346; x_wconf 94' lang='lat' dir='ltr'>in</span> <span class='ocrx_word' id='word_1_49' title='bbox 1073 1279 1282 1368; x_wconf 80' lang='lat' dir='ltr'>apocalipsin.</span> <span class='ocrx_word' id='word_1_50' title='bbox 1351 1281 1387 1348; x_wconf 87' lang='lat'>2.</span> <span class='ocrx_word' id='word_1_51' title='bbox 1405 1281 1511 1344; x_wconf 85' lang='lat' dir='ltr'>Trac-</span> 
     </span>
    </p>
   </div>
   <div class='ocr_carea' id='block_1_4' title="bbox 303 1383 1486 1553">
    <p class='ocr_par' dir='ltr' id='par_1_4' title="bbox 303 1383 1486 1553">
     <span class='ocr_line' id='line_1_9' title="bbox 303 1383 768 1470; baseline -0.002 -19"><span class='ocrx_word' id='word_1_52' title='bbox 303 1396 390 1452; x_wconf 88' lang='lat' dir='ltr'>tatus</span> <span class='ocrx_word' id='word_1_53' title='bbox 414 1386 454 1451; x_wconf 91' lang='lat' dir='ltr'>de</span> <span class='ocrx_word' id='word_1_54' title='bbox 478 1385 582 1450; x_wconf 84' lang='lat' dir='ltr'>officio</span> <span class='ocrx_word' id='word_1_55' title='bbox 607 1383 768 1470; x_wconf 87' lang='lat' dir='ltr'>pastorali.</span> 
     </span>
     <span class='ocr_line' id='line_1_10' title="bbox 1394 1497 1486 1553; baseline -0.033 0"><span class='ocrx_word' id='word_1_56' title='bbox 1394 1497 1486 1553; x_wconf 89' lang='grc'><strong>4948</strong></span> 
     </span>
    </p>
   </div>
   <div class='ocr_carea' id='block_1_5' title="bbox 305 1600 1510 1875">
    <p class='ocr_par' dir='ltr' id='par_1_5' title="bbox 305 1600 1510 1875">
     <span class='ocr_line' id='line_1_11' title="bbox 407 1600 1510 1684; baseline -0.002 -17"><span class='ocrx_word' id='word_1_57' title='bbox 407 1613 482 1668; x_wconf 80' lang='grc'><strong>489.</strong></span> <span class='ocrx_word' id='word_1_58' title='bbox 505 1600 644 1684; x_wconf 62' lang='lat' dir='ltr'>membr„</span> <span class='ocrx_word' id='word_1_59' title='bbox 668 1624 693 1668; x_wconf 87' lang='lat' dir='ltr'>a.</span> <span class='ocrx_word' id='word_1_60' title='bbox 709 1601 796 1666; x_wconf 88' lang='lat' dir='ltr'><em>XIV.</em></span> <span class='ocrx_word' id='word_1_61' title='bbox 868 1603 924 1668; x_wconf 97' lang='grc'>*1.</span> <span class='ocrx_word' id='word_1_62' title='bbox 949 1601 1189 1669; x_wconf 86' lang='lat' dir='ltr'>Scintilliarum.</span> <span class='ocrx_word' id='word_1_63' title='bbox 1269 1602 1303 1669; x_wconf 85' lang='grc'>2.</span> <span class='ocrx_word' id='word_1_64' title='bbox 1328 1601 1510 1667; x_wconf 85' lang='lat' dir='ltr'>Isidorus</span> 
     </span>
     <span class='ocr_line' id='line_1_12' title="bbox 305 1706 1358 1794; baseline -0.002 -23"><span class='ocrx_word' id='word_1_65' title='bbox 305 1707 346 1772; x_wconf 91' lang='lat' dir='ltr'>de</span> <span class='ocrx_word' id='word_1_66' title='bbox 369 1719 442 1772; x_wconf 90' lang='lat' dir='ltr'>ortu</span> <span class='ocrx_word' id='word_1_67' title='bbox 465 1718 497 1773; x_wconf 87' lang='lat' dir='ltr'>et</span> <span class='ocrx_word' id='word_1_68' title='bbox 519 1707 609 1774; x_wconf 90' lang='lat' dir='ltr'>obitu</span> <span class='ocrx_word' id='word_1_69' title='bbox 632 1707 863 1793; x_wconf 88' lang='lat' dir='ltr'>prophetarum</span> <span class='ocrx_word' id='word_1_70' title='bbox 887 1717 919 1772; x_wconf 89' lang='lat' dir='ltr'>et</span> <span class='ocrx_word' id='word_1_71' title='bbox 941 1706 1159 1794; x_wconf 88' lang='lat' dir='ltr'>apostolorum</span> <span class='ocrx_word' id='word_1_72' title='bbox 1183 1706 1251 1791; x_wconf 87' lang='grc'><strong>(83,</strong></span> <span class='ocrx_word' id='word_1_73' title='bbox 1270 1707 1358 1792; x_wconf 86' lang='grc'><strong>129).</strong></span> 
     </span>
     <span class='ocr_line' id='line_1_13' title="bbox 1395 1821 1483 1875; baseline -0.011 -1"><span class='ocrx_word' id='word_1_74' title='bbox 1395 1821 1483 1875; x_wconf 91' lang='grc'><strong>4949</strong></span> 
     </span>
    </p>
   </div>
   <div class='ocr_carea' id='block_1_6' title="bbox 305 1932 1509 2648">
    <p class='ocr_par' dir='ltr' id='par_1_6' title="bbox 305 1932 1509 2543">
     <span class='ocr_line' id='line_1_14' title="bbox 408 1932 1509 2015; baseline 0 -19"><span class='ocrx_word' id='word_1_75' title='bbox 408 1944 483 1997; x_wconf 90' lang='grc'><strong>441.</strong></span> <span class='ocrx_word' id='word_1_76' title='bbox 506 1932 644 2015; x_wconf 67' lang='lat' dir='ltr'>membr„</span> <span class='ocrx_word' id='word_1_77' title='bbox 674 1956 700 2000; x_wconf 83' lang='lat' dir='ltr'>a.</span> <span class='ocrx_word' id='word_1_78' title='bbox 715 1934 803 2000; x_wconf 92' lang='lat' dir='ltr'>XIV.</span> <span class='ocrx_word' id='word_1_79' title='bbox 894 1935 951 2002; x_wconf 86' lang='grc'>*1.</span> <span class='ocrx_word' id='word_1_80' title='bbox 976 1934 1149 2000; x_wconf 86' lang='lat' dir='ltr'>Tractatus</span> <span class='ocrx_word' id='word_1_81' title='bbox 1183 1934 1225 1999; x_wconf 94' lang='lat' dir='ltr'>de</span> <span class='ocrx_word' id='word_1_82' title='bbox 1259 1936 1347 1999; x_wconf 90' lang='lat' dir='ltr'>vitiis</span> <span class='ocrx_word' id='word_1_83' title='bbox 1378 1945 1413 1998; x_wconf 89' lang='lat' dir='ltr'>et</span> <span class='ocrx_word' id='word_1_84' title='bbox 1441 1935 1509 1997; x_wconf 77' lang='lat' dir='ltr'>vir·</span> 
     </span>
     <span class='ocr_line' id='line_1_15' title="bbox 305 2039 1508 2124; baseline -0.002 -20"><span class='ocrx_word' id='word_1_85' title='bbox 305 2039 428 2104; x_wconf 89' lang='lat' dir='ltr'>tutibus</span> <span class='ocrx_word' id='word_1_86' title='bbox 452 2061 494 2103; x_wconf 85' lang='lat' dir='ltr'>ex</span> <span class='ocrx_word' id='word_1_87' title='bbox 518 2040 677 2123; x_wconf 83' lang='lat' dir='ltr'>Gregorio</span> <span class='ocrx_word' id='word_1_88' title='bbox 700 2049 733 2104; x_wconf 88' lang='lat' dir='ltr'>et</span> <span class='ocrx_word' id='word_1_89' title='bbox 758 2039 948 2124; x_wconf 83' lang='lat' dir='ltr'>Augustino.</span> <span class='ocrx_word' id='word_1_90' title='bbox 1039 2039 1072 2106; x_wconf 84' lang='lat'>2.</span> <span class='ocrx_word' id='word_1_91' title='bbox 1095 2039 1270 2104; x_wconf 86' lang='lat' dir='ltr'>Tractatus</span> <span class='ocrx_word' id='word_1_92' title='bbox 1297 2040 1338 2105; x_wconf 91' lang='lat' dir='ltr'>de</span> <span class='ocrx_word' id='word_1_93' title='bbox 1367 2059 1508 2124; x_wconf 91' lang='lat' dir='ltr'>corpore</span> 
     </span>
     <span class='ocr_line' id='line_1_16' title="bbox 305 2143 1507 2213; baseline 0 -5"><span class='ocrx_word' id='word_1_94' title='bbox 305 2145 438 2210; x_wconf 89' lang='lat' dir='ltr'>Domini</span> <span class='ocrx_word' id='word_1_95' title='bbox 462 2167 504 2209; x_wconf 86' lang='lat' dir='ltr'>ex</span> <span class='ocrx_word' id='word_1_96' title='bbox 528 2144 666 2210; x_wconf 90' lang='lat' dir='ltr'>diversis</span> <span class='ocrx_word' id='word_1_97' title='bbox 690 2145 867 2210; x_wconf 79' lang='lat' dir='ltr'>autoribus.</span> <span class='ocrx_word' id='word_1_98' title='bbox 947 2145 1004 2213; x_wconf 83' lang='grc'>*3.</span> <span class='ocrx_word' id='word_1_99' title='bbox 1031 2143 1202 2210; x_wconf 83' lang='lat' dir='ltr'>*Libellus</span> <span class='ocrx_word' id='word_1_100' title='bbox 1225 2144 1370 2210; x_wconf 88' lang='lat' dir='ltr'>Senecae</span> <span class='ocrx_word' id='word_1_101' title='bbox 1394 2143 1436 2208; x_wconf 88' lang='lat' dir='ltr'>de</span> <span class='ocrx_word' id='word_1_102' title='bbox 1459 2145 1507 2208; x_wconf 89' lang='lat' dir='ltr'>in·</span> 
     </span>
     <span class='ocr_line' id='line_1_17' title="bbox 306 2248 1506 2336; baseline -0.003 -21"><span class='ocrx_word' id='word_1_103' title='bbox 306 2251 470 2315; x_wconf 82' lang='lat' dir='ltr'>stitutione</span> <span class='ocrx_word' id='word_1_104' title='bbox 493 2272 618 2315; x_wconf 85' lang='lat' dir='ltr'>morum</span> <span class='ocrx_word' id='word_1_105' title='bbox 643 2249 721 2336; x_wconf 88' lang='grc' dir='ltr'><strong>(ΙΙΙ,</strong></span> <span class='ocrx_word' id='word_1_106' title='bbox 737 2249 884 2334; x_wconf 66' lang='lat' dir='ltr'>Isara).</span> <span class='ocrx_word' id='word_1_107' title='bbox 955 2251 1012 2316; x_wconf 86' lang='grc'>*4.</span> <span class='ocrx_word' id='word_1_108' title='bbox 1037 2248 1181 2315; x_wconf 88' lang='lat' dir='ltr'>Libellus</span> <span class='ocrx_word' id='word_1_109' title='bbox 1205 2251 1337 2314; x_wconf 86' lang='lat' dir='ltr'>Martini</span> <span class='ocrx_word' id='word_1_110' title='bbox 1360 2251 1506 2336; x_wconf 84' lang='lat' dir='ltr'>episcopi</span> 
     </span>
     <span class='ocr_line' id='line_1_18' title="bbox 306 2353 1507 2440; baseline -0.002 -22"><span class='ocrx_word' id='word_1_111' title='bbox 306 2356 348 2420; x_wconf 90' lang='lat' dir='ltr'>ad</span> <span class='ocrx_word' id='word_1_112' title='bbox 365 2355 523 2420; x_wconf 88' lang='lat' dir='ltr'>Mironem</span> <span class='ocrx_word' id='word_1_113' title='bbox 546 2377 656 2440; x_wconf 89' lang='lat' dir='ltr'>regem</span> <span class='ocrx_word' id='word_1_114' title='bbox 675 2353 741 2440; x_wconf 88' lang='grc'><strong>(72,</strong></span> <span class='ocrx_word' id='word_1_115' title='bbox 758 2356 826 2440; x_wconf 91' lang='grc'><strong>22).</strong></span> <span class='ocrx_word' id='word_1_116' title='bbox 889 2355 948 2422; x_wconf 83' lang='grc'>*5.</span> <span class='ocrx_word' id='word_1_117' title='bbox 965 2354 1017 2418; x_wconf 86' lang='lat' dir='ltr'>Do</span> <span class='ocrx_word' id='word_1_118' title='bbox 1040 2356 1189 2440; x_wconf 82' lang='lat' dir='ltr'>passione</span> <span class='ocrx_word' id='word_1_119' title='bbox 1212 2363 1245 2418; x_wconf 89' lang='lat' dir='ltr'>et</span> <span class='ocrx_word' id='word_1_120' title='bbox 1267 2356 1507 2420; x_wconf 86' lang='lat' dir='ltr'>resurrectione</span> 
     </span>
     <span class='ocr_line' id='line_1_19' title="bbox 308 2458 1416 2543; baseline -0.002 -19"><span class='ocrx_word' id='word_1_121' title='bbox 308 2460 438 2524; x_wconf 91' lang='lat' dir='ltr'>Domini</span> <span class='ocrx_word' id='word_1_122' title='bbox 472 2480 515 2522; x_wconf 85' lang='lat' dir='ltr'>ex</span> <span class='ocrx_word' id='word_1_123' title='bbox 546 2459 706 2543; x_wconf 85' lang='lat' dir='ltr'>Gregorio</span> <span class='ocrx_word' id='word_1_124' title='bbox 736 2459 918 2524; x_wconf 86' lang='lat' dir='ltr'>Turonensi</span> <span class='ocrx_word' id='word_1_125' title='bbox 952 2459 993 2523; x_wconf 89' lang='lat' dir='ltr'>de</span> <span class='ocrx_word' id='word_1_126' title='bbox 1024 2458 1169 2543; x_wconf 88' lang='lat' dir='ltr'>gestibus</span> <span class='ocrx_word' id='word_1_127' title='bbox 1204 2458 1416 2524; x_wconf 77' lang='lat' dir='ltr'>Francorum.</span> 
     </span>
    </p>

    <p class='ocr_par' dir='ltr' id='par_1_7' title="bbox 307 2547 1505 2648">
     <span class='ocr_line' id='line_1_20' title="bbox 307 2547 1505 2648; baseline -0.003 -19"><span class='ocrx_word' id='word_1_128' title='bbox 307 2563 340 2629; x_wconf 84' lang='lat' dir='ltr'>s.</span> <span class='ocrx_word' id='word_1_129' title='bbox 379 2563 432 2628; x_wconf 89' lang='lat' dir='ltr'>De</span> <span class='ocrx_word' id='word_1_130' title='bbox 474 2565 710 2628; x_wconf 86' lang='lat' dir='ltr'>resurrectione</span> <span class='ocrx_word' id='word_1_131' title='bbox 748 2586 791 2628; x_wconf 86' lang='lat' dir='ltr'>ex</span> <span class='ocrx_word' id='word_1_132' title='bbox 829 2561 1032 2628; x_wconf 89' lang='lat' dir='ltr'>sermonibus</span> <span class='ocrx_word' id='word_1_133' title='bbox 1070 2547 1245 2648; x_wconf 89' lang='lat' dir='ltr'>Augustini</span> <span class='ocrx_word' id='word_1_134' title='bbox 1289 2563 1330 2628; x_wconf 95' lang='lat' dir='ltr'>de</span> <span class='ocrx_word' id='word_1_135' title='bbox 1368 2562 1505 2628; x_wconf 85' lang='lat' dir='ltr'>sabbato</span> 
     </span>
    </p>
   </div>
   <div class='ocr_carea' id='block_1_7' title="bbox 302 2667 1509 3368">
    <p class='ocr_par' dir='ltr' id='par_1_8' title="bbox 302 2667 1509 3368">
     <span class='ocr_line' id='line_1_21' title="bbox 308 2667 1504 2755; baseline -0.004 -23"><span class='ocrx_word' id='word_1_136' title='bbox 308 2668 455 2755; x_wconf 88' lang='lat' dir='ltr'>paschae.</span> <span class='ocrx_word' id='word_1_137' title='bbox 524 2667 556 2734; x_wconf 77' lang='grc'>7.</span> <span class='ocrx_word' id='word_1_138' title='bbox 581 2668 683 2736; x_wconf 81' lang='lat' dir='ltr'>Gesta</span> <span class='ocrx_word' id='word_1_139' title='bbox 702 2667 879 2734; x_wconf 87' lang='lat' dir='ltr'>Salvatoris</span> <span class='ocrx_word' id='word_1_140' title='bbox 903 2667 1132 2753; x_wconf 79' lang='lat' dir='ltr'>(Eounpeliam</span> <span class='ocrx_word' id='word_1_141' title='bbox 1147 2667 1336 2749; x_wconf 81' lang='lat' dir='ltr'>Nicodemi,·</span> <span class='ocrx_word' id='word_1_142' title='bbox 1358 2667 1504 2732; x_wconf 77' lang='lat' dir='ltr'>Tischer-</span> 
     </span>
     <span class='ocr_line' id='line_1_22' title="bbox 307 2771 1509 2858; baseline 0.001 -24"><span class='ocrx_word' id='word_1_143' title='bbox 307 2771 390 2857; x_wconf 82' lang='lat' dir='ltr'>dorf</span> <span class='ocrx_word' id='word_1_144' title='bbox 402 2795 437 2858; x_wconf 85' lang='lat' dir='ltr'>p.</span> <span class='ocrx_word' id='word_1_145' title='bbox 453 2772 545 2856; x_wconf 82' lang='grc'><strong>314).</strong></span> <span class='ocrx_word' id='word_1_146' title='bbox 621 2773 655 2841; x_wconf 91' lang='grc'>8.</span> <span class='ocrx_word' id='word_1_147' title='bbox 680 2771 824 2837; x_wconf 88' lang='lat' dir='ltr'>Libellus</span> <span class='ocrx_word' id='word_1_148' title='bbox 848 2773 888 2838; x_wconf 90' lang='lat' dir='ltr'>de</span> <span class='ocrx_word' id='word_1_149' title='bbox 911 2773 1047 2838; x_wconf 86' lang='lat' dir='ltr'>infautia</span> <span class='ocrx_word' id='word_1_150' title='bbox 1069 2771 1248 2839; x_wconf 90' lang='lat' dir='ltr'>Salvatoris</span> <span class='ocrx_word' id='word_1_151' title='bbox 1273 2773 1320 2856; x_wconf 85' lang='grc' dir='ltr'>(Τ</span> <span class='ocrx_word' id='word_1_152' title='bbox 1316 2771 1509 2858; x_wconf 75' lang='lat' dir='ltr'>iaciendors</span> 
     </span>
     <span class='ocr_line' id='line_1_23' title="bbox 302 2875 1085 2962; baseline 0.003 -24"><span class='ocrx_word' id='word_1_153' title='bbox 302 2899 339 2962; x_wconf 88' lang='lat' dir='ltr'>p.</span> <span class='ocrx_word' id='word_1_154' title='bbox 355 2877 423 2962; x_wconf 83' lang='grc'><strong>51).</strong></span> <span class='ocrx_word' id='word_1_155' title='bbox 493 2877 551 2942; x_wconf 89' lang='grc'>*9.</span> <span class='ocrx_word' id='word_1_156' title='bbox 578 2875 772 2956; x_wconf 75' lang='lat' dir='ltr'>Quindecim</span> <span class='ocrx_word' id='word_1_157' title='bbox 796 2879 890 2962; x_wconf 89' lang='lat' dir='ltr'>signa</span> <span class='ocrx_word' id='word_1_158' title='bbox 913 2875 979 2962; x_wconf 86' lang='grc'><strong>(94,</strong></span> <span class='ocrx_word' id='word_1_159' title='bbox 996 2876 1085 2961; x_wconf 78' lang='lat'>555).</span> 
     </span>
     <span class='ocr_line' id='line_1_24' title="bbox 1397 2990 1481 3045; baseline -0.024 -1"><span class='ocrx_word' id='word_1_160' title='bbox 1397 2990 1481 3045; x_wconf 89' lang='grc'><strong>4950</strong></span> 
     </span>
     <span class='ocr_line' id='line_1_25' title="bbox 410 3092 1503 3174; baseline 0 -18"><span class='ocrx_word' id='word_1_161' title='bbox 410 3104 485 3159; x_wconf 80' lang='grc'><strong>442.</strong></span> <span class='ocrx_word' id='word_1_162' title='bbox 508 3092 646 3174; x_wconf 65' lang='lat' dir='ltr'>membr..</span> <span class='ocrx_word' id='word_1_163' title='bbox 681 3117 704 3158; x_wconf 89' lang='lat' dir='ltr'>a.</span> <span class='ocrx_word' id='word_1_164' title='bbox 732 3093 829 3158; x_wconf 90' lang='lat' dir='ltr'><em>XIII.</em></span> <span class='ocrx_word' id='word_1_165' title='bbox 873 3093 1060 3160; x_wconf 88' lang='lat' dir='ltr'>Alouinus</span> <span class='ocrx_word' id='word_1_166' title='bbox 1094 3094 1135 3160; x_wconf 89' lang='lat' dir='ltr'>ad</span> <span class='ocrx_word' id='word_1_167' title='bbox 1171 3093 1329 3160; x_wconf 89' lang='lat' dir='ltr'>Karolum</span> <span class='ocrx_word' id='word_1_168' title='bbox 1363 3095 1405 3159; x_wconf 94' lang='lat' dir='ltr'>de</span> <span class='ocrx_word' id='word_1_169' title='bbox 1440 3094 1503 3158; x_wconf 89' lang='lat' dir='ltr'>fide</span> 
     </span>
     <span class='ocr_line' id='line_1_26' title="bbox 308 3197 665 3283; baseline -0.006 -18"><span class='ocrx_word' id='word_1_170' title='bbox 308 3199 492 3265; x_wconf 77' lang='lat' dir='ltr'>Christiana</span> <span class='ocrx_word' id='word_1_171' title='bbox 517 3197 605 3283; x_wconf 84' lang='lat'><em>(101,</em></span> <span class='ocrx_word' id='word_1_172' title='bbox 622 3201 665 3276; x_wconf 85' lang='lat'>9).</span> 
     </span>
     <span class='ocr_line' id='line_1_27' title="bbox 1397 3313 1478 3368; baseline 0 -1"><span class='ocrx_word' id='word_1_173' title='bbox 1397 3313 1478 3368; x_wconf 84' lang='grc'><strong>4951</strong></span> 
     </span>
    </p>
   </div>
   <div class='ocr_carea' id='block_1_8' title="bbox 308 3421 1506 4119">
    <p class='ocr_par' dir='ltr' id='par_1_9' title="bbox 308 3421 1506 4034">
     <span class='ocr_line' id='line_1_28' title="bbox 410 3421 1504 3510; baseline 0.001 -22"><span class='ocrx_word' id='word_1_174' title='bbox 410 3435 485 3490; x_wconf 84' lang='grc'><strong>448.</strong></span> <span class='ocrx_word' id='word_1_175' title='bbox 509 3424 647 3506; x_wconf 62' lang='lat' dir='ltr'>membr„</span> <span class='ocrx_word' id='word_1_176' title='bbox 672 3425 804 3510; x_wconf 83' lang='lat' dir='ltr'>,litteris</span> <span class='ocrx_word' id='word_1_177' title='bbox 827 3425 993 3490; x_wconf 75' lang='lat' dir='ltr'>saxonicis</span> <span class='ocrx_word' id='word_1_178' title='bbox 1014 3421 1265 3491; x_wconf 64' lang='lat' dir='ltr'>vetustioribus.</span> <span class='ocrx_word' id='word_1_179' title='bbox 1374 3428 1404 3493; x_wconf 94' lang='lat' dir='ltr'>l.</span> <span class='ocrx_word' id='word_1_180' title='bbox 1431 3425 1504 3510; x_wconf 82' lang='lat' dir='ltr'>Epi-</span> 
     </span>
     <span class='ocr_line' id='line_1_29' title="bbox 308 3529 1503 3616; baseline -0.003 -20"><span class='ocrx_word' id='word_1_181' title='bbox 308 3539 488 3616; x_wconf 85' lang='lat' dir='ltr'>grammata</span> <span class='ocrx_word' id='word_1_182' title='bbox 504 3531 683 3616; x_wconf 91' lang='lat' dir='ltr'>Prosperi</span> <span class='ocrx_word' id='word_1_183' title='bbox 701 3532 768 3615; x_wconf 83' lang='lat'><em>(51,</em></span> <span class='ocrx_word' id='word_1_184' title='bbox 778 3532 868 3615; x_wconf 85' lang='grc'><strong>497).</strong></span> <span class='ocrx_word' id='word_1_185' title='bbox 923 3531 956 3597; x_wconf 90' lang='grc'>2.</span> <span class='ocrx_word' id='word_1_186' title='bbox 970 3530 1159 3616; x_wconf 87' lang='lat' dir='ltr'>Synonyma</span> <span class='ocrx_word' id='word_1_187' title='bbox 1175 3529 1316 3596; x_wconf 91' lang='lat' dir='ltr'>Isidori</span> <span class='ocrx_word' id='word_1_188' title='bbox 1334 3529 1402 3615; x_wconf 86' lang='lat'><strong><em>(83,</em></strong></span> <span class='ocrx_word' id='word_1_189' title='bbox 1411 3530 1503 3614; x_wconf 83' lang='lat'>825).</span> 
     </span>
     <span class='ocr_line' id='line_1_30' title="bbox 308 3629 1504 3722; baseline 0.001 -25"><span class='ocrx_word' id='word_1_190' title='bbox 308 3635 340 3703; x_wconf 82' lang='grc'>9.</span> <span class='ocrx_word' id='word_1_191' title='bbox 365 3633 507 3719; x_wconf 77' lang='lat' dir='ltr'>(Abdere</span> <span class='ocrx_word' id='word_1_192' title='bbox 530 3629 808 3722; x_wconf 76' lang='lat' dir='ltr'>[Iroroliapiscbe]</span> <span class='ocrx_word' id='word_1_193' title='bbox 831 3633 957 3722; x_wconf 86' lang='lat' dir='ltr'>Hand.)</span> <span class='ocrx_word' id='word_1_194' title='bbox 993 3635 1116 3701; x_wconf 87' lang='lat' dir='ltr'>Versus</span> <span class='ocrx_word' id='word_1_195' title='bbox 1140 3633 1282 3721; x_wconf 86' lang='lat' dir='ltr'>Sibyllae</span> <span class='ocrx_word' id='word_1_196' title='bbox 1310 3634 1377 3720; x_wconf 84' lang='lat'><em>(90,</em></span> <span class='ocrx_word' id='word_1_197' title='bbox 1393 3634 1504 3720; x_wconf 85' lang='grc'><strong>1186).</strong></span> 
     </span>
     <span class='ocr_line' id='line_1_31' title="bbox 308 3739 1506 3825; baseline -0.001 -20"><span class='ocrx_word' id='word_1_198' title='bbox 308 3741 342 3807; x_wconf 89' lang='grc'>4.</span> <span class='ocrx_word' id='word_1_199' title='bbox 366 3739 588 3825; x_wconf 88' lang='lat' dir='ltr'>Physiologus.</span> <span class='ocrx_word' id='word_1_200' title='bbox 648 3739 681 3807; x_wconf 81' lang='grc'>5.</span> <span class='ocrx_word' id='word_1_201' title='bbox 699 3739 909 3824; x_wconf 89' lang='lat' dir='ltr'>Augustini</span> <span class='ocrx_word' id='word_1_202' title='bbox 932 3739 1071 3805; x_wconf 89' lang='lat' dir='ltr'>salubris</span> <span class='ocrx_word' id='word_1_203' title='bbox 1094 3740 1279 3805; x_wconf 89' lang='lat' dir='ltr'>admonitio.</span> <span class='ocrx_word' id='word_1_204' title='bbox 1348 3740 1383 3806; x_wconf 81' lang='lat' dir='ltr'>s</span> <span class='ocrx_word' id='word_1_205' title='bbox 1400 3740 1506 3805; x_wconf 85' lang='lat' dir='ltr'>Terri-</span> 
     </span>
     <span class='ocr_line' id='line_1_32' title="bbox 310 3843 1505 3928; baseline 0.001 -20"><span class='ocrx_word' id='word_1_206' title='bbox 310 3843 382 3908; x_wconf 89' lang='lat' dir='ltr'>bilis</span> <span class='ocrx_word' id='word_1_207' title='bbox 412 3845 454 3910; x_wconf 92' lang='lat' dir='ltr'>ad</span> <span class='ocrx_word' id='word_1_208' title='bbox 482 3843 683 3928; x_wconf 89' lang='lat' dir='ltr'>negligentes</span> <span class='ocrx_word' id='word_1_209' title='bbox 712 3847 862 3911; x_wconf 86' lang='lat' dir='ltr'>invectio.</span> <span class='ocrx_word' id='word_1_210' title='bbox 971 3844 1003 3912; x_wconf 81' lang='lat'>7.</span> <span class='ocrx_word' id='word_1_211' title='bbox 1034 3845 1238 3911; x_wconf 87' lang='lat' dir='ltr'>Prudentii</span> <span class='ocrx_word' id='word_1_212' title='bbox 1274 3844 1505 3910; x_wconf 88' lang='lat' dir='ltr'>Dittoobaeum</span> 
     </span>
     <span class='ocr_line' id='line_1_33' title="bbox 312 3947 1058 4034; baseline 0.005 -24"><span class='ocrx_word' id='word_1_213' title='bbox 312 3948 379 4032; x_wconf 84' lang='grc'><strong>(68,</strong></span> <span class='ocrx_word' id='word_1_214' title='bbox 395 3947 463 4034; x_wconf 91' lang='grc'><strong>89).</strong></span> <span class='ocrx_word' id='word_1_215' title='bbox 546 3949 579 4015; x_wconf 87' lang='grc'>8.</span> <span class='ocrx_word' id='word_1_216' title='bbox 604 3947 734 4034; x_wconf 86' lang='lat' dir='ltr'>Septem</span> <span class='ocrx_word' id='word_1_217' title='bbox 758 3950 913 4014; x_wconf 88' lang='lat' dir='ltr'>miracula</span> <span class='ocrx_word' id='word_1_218' title='bbox 936 3949 1058 4014; x_wconf 88' lang='lat' dir='ltr'>mundi.</span> 
     </span>
    </p>

    <p class='ocr_par' dir='ltr' id='par_1_10' title="bbox 1398 4063 1482 4119">
     <span class='ocr_line' id='line_1_34' title="bbox 1398 4063 1482 4119; baseline -0.048 0"><span class='ocrx_word' id='word_1_219' title='bbox 1398 4063 1482 4119; x_wconf 87' lang='grc'><strong>4952</strong></span> 
     </span>
    </p>
   </div>
   <div class='ocr_carea' id='block_1_9' title="bbox 311 4165 1483 4440">
    <p class='ocr_par' dir='ltr' id='par_1_11' title="bbox 311 4165 1483 4440">
     <span class='ocr_line' id='line_1_35' title="bbox 412 4165 1417 4253; baseline 0.002 -23"><span class='ocrx_word' id='word_1_220' title='bbox 412 4176 488 4231; x_wconf 85' lang='grc'><strong>451.</strong></span> <span class='ocrx_word' id='word_1_221' title='bbox 511 4165 649 4250; x_wconf 70' lang='lat' dir='ltr'>membr,</span> <span class='ocrx_word' id='word_1_222' title='bbox 673 4189 697 4230; x_wconf 88' lang='lat' dir='ltr'>a.</span> <span class='ocrx_word' id='word_1_223' title='bbox 715 4165 787 4230; x_wconf 90' lang='lat' dir='ltr'>XII</span> <span class='ocrx_word' id='word_1_224' title='bbox 795 4189 841 4231; x_wconf 80' lang='lat' dir='ltr'>era.</span> <span class='ocrx_word' id='word_1_225' title='bbox 925 4168 980 4234; x_wconf 85' lang='grc'>*1.</span> <span class='ocrx_word' id='word_1_226' title='bbox 1006 4167 1083 4232; x_wconf 89' lang='lat' dir='ltr'>Vita</span> <span class='ocrx_word' id='word_1_227' title='bbox 1105 4165 1266 4252; x_wconf 91' lang='lat' dir='ltr'>Apollonii</span> <span class='ocrx_word' id='word_1_228' title='bbox 1288 4168 1417 4253; x_wconf 76' lang='lat' dir='ltr'>Tyrii*.</span> 
     </span>
     <span class='ocr_line' id='line_1_36' title="bbox 311 4271 1304 4357; baseline -0.002 -20"><span class='ocrx_word' id='word_1_229' title='bbox 311 4271 345 4337; x_wconf 86' lang='grc'>2.</span> <span class='ocrx_word' id='word_1_230' title='bbox 370 4271 542 4337; x_wconf 88' lang='lat' dir='ltr'>Sermones</span> <span class='ocrx_word' id='word_1_231' title='bbox 565 4294 608 4336; x_wconf 87' lang='lat' dir='ltr'>ex</span> <span class='ocrx_word' id='word_1_232' title='bbox 631 4271 768 4337; x_wconf 91' lang='lat' dir='ltr'>diversis</span> <span class='ocrx_word' id='word_1_233' title='bbox 792 4271 959 4338; x_wconf 85' lang='lat' dir='ltr'>autoribus</span> <span class='ocrx_word' id='word_1_234' title='bbox 983 4271 1024 4337; x_wconf 92' lang='lat' dir='ltr'>de</span> <span class='ocrx_word' id='word_1_235' title='bbox 1047 4271 1144 4338; x_wconf 85' lang='lat' dir='ltr'>beata</span> <span class='ocrx_word' id='word_1_236' title='bbox 1166 4274 1304 4357; x_wconf 85' lang='lat' dir='ltr'>virgine.</span> 
     </span>
     <span class='ocr_line' id='line_1_37' title="bbox 1400 4385 1483 4440; baseline -0.024 0"><span class='ocrx_word' id='word_1_237' title='bbox 1400 4385 1483 4440; x_wconf 80' lang='grc'><strong>4953</strong></span> 
     </span>
    </p>
   </div>
   <div class='ocr_carea' id='block_1_10' title="bbox 312 4488 1506 4678">
    <p class='ocr_par' dir='ltr' id='par_1_12' title="bbox 312 4488 1506 4678">
     <span class='ocr_line' id='line_1_38' title="bbox 414 4488 1506 4575; baseline 0.001 -22"><span class='ocrx_word' id='word_1_238' title='bbox 414 4500 489 4555; x_wconf 83' lang='grc'><strong>458.</strong></span> <span class='ocrx_word' id='word_1_239' title='bbox 512 4488 651 4574; x_wconf 66' lang='lat' dir='ltr'>membr„</span> <span class='ocrx_word' id='word_1_240' title='bbox 678 4511 702 4552; x_wconf 85' lang='lat' dir='ltr'>a.</span> <span class='ocrx_word' id='word_1_241' title='bbox 724 4488 792 4555; x_wconf 91' lang='lat' dir='ltr'>XV.</span> <span class='ocrx_word' id='word_1_242' title='bbox 827 4489 1050 4575; x_wconf 72' lang='lat' dir='ltr'>chrysostomi</span> <span class='ocrx_word' id='word_1_243' title='bbox 1080 4490 1123 4555; x_wconf 89' lang='lat' dir='ltr'>ad</span> <span class='ocrx_word' id='word_1_244' title='bbox 1154 4491 1329 4575; x_wconf 86' lang='lat' dir='ltr'>Stagirium</span> <span class='ocrx_word' id='word_1_245' title='bbox 1360 4491 1435 4555; x_wconf 91' lang='lat' dir='ltr'>libri</span> <span class='ocrx_word' id='word_1_246' title='bbox 1459 4489 1506 4554; x_wconf 88' lang='lat' dir='ltr'>[ll</span> 
     </span>
     <span class='ocr_line' id='line_1_39' title="bbox 312 4595 1135 4678; baseline 0.001 -21"><span class='ocrx_word' id='word_1_247' title='bbox 312 4595 381 4658; x_wconf 84' lang='lat' dir='ltr'>and</span> <span class='ocrx_word' id='word_1_248' title='bbox 405 4617 509 4660; x_wconf 87' lang='lat' dir='ltr'>sermo</span> <span class='ocrx_word' id='word_1_249' title='bbox 534 4595 574 4660; x_wconf 89' lang='lat' dir='ltr'>de</span> <span class='ocrx_word' id='word_1_250' title='bbox 599 4595 756 4678; x_wconf 86' lang='lat' dir='ltr'>dignitate</span> <span class='ocrx_word' id='word_1_251' title='bbox 780 4595 940 4660; x_wconf 84' lang='lat' dir='ltr'>humanae</span> <span class='ocrx_word' id='word_1_252' title='bbox 963 4595 1135 4678; x_wconf 85' lang='lat' dir='ltr'>originis*.</span> 
     </span>
    </p>
   </div>
   <div class='ocr_carea' id='block_1_11' title="bbox 0 0 1642 5474">
    <p class='ocr_par' dir='ltr' id='par_1_13' title="bbox 0 0 1642 5474">
     <span class='ocr_line' id='line_1_40' title="bbox 0 0 1642 5474; baseline 0 0"><span class='ocrx_word' id='word_1_253' title='bbox 0 0 1642 5474; x_wconf 95' lang='lat' dir='ltr'> </span> 
     </span>
    </p>
   </div>
  </div>
 </body>
</html>
