3198 5476
101 490 292 570 (est-too)
593 501 608 546 1.
625 501 751 544 666666..
766 506 799 544 21.
1223 489 1284 554 149

102 675 150 758 (ib.
167 677 254 756 417).
300 677 335 744 8.
361 677 451 739 Neon
477 675 589 740 Catali.
613 675 707 762 Aegl.
731 687 760 742 et
782 675 855 741 Hie.
879 679 957 740 stete
979 679 1122 743 6661661666
1141 680 1205 766 fol.
1222 681 1284 744 470

101 780 160 844 aad
179 783 221 844 52
242 781 333 844 norb:
355 780 561 846 Lamentatio
583 801 680 867 super
703 781 865 866 Satyrum.
893 783 960 866 (16,
978 785 1088 870 1287).

1200 899 1261 953 695

197 997 292 1056 nom.
317 998 381 1053 ’769
409 989 536 1078 (2551).
567 993 618 1068 40,
645 1013 702 1068 nu,
735 992 776 1054 77
792 989 886 1077 foll„
913 1013 938 1054 s.
964 991 1048 1054 XIV
1063 1015 1110 1056 ew.
1142 991 1282 1058 Isidori

102 1093 291 1180 Hispalensis
315 1092 357 1157 de
380 1115 506 1158 summo
530 1094 614 1158 bono
642 1093 684 1158 ad
713 1094 934 1160 Florentinam
964 1116 1106 1160 sororem
1135 1095 1210 1160 libri
1232 1096 1283 1160 III

104 1201 165 1281 (83,
186 1199 273 1284 437).

1199 1316 1259 1370 696

196 1415 287 1472 Bodl.
312 1416 377 1470 '1⁷2
407 1407 532 1494 (2687).
563 1409 612 1486 40,
634 1429 685 1484 na,
718 1408 781 1470 116
796 1407 884 1494 foll„
915 1405 1079 1472 nmen
1111 1408 1280 1474 Common-

103 1515 194 1578 tarins
223 1514 255 1576 in
288 1511 505 1591 Psalterium3
540 1511 624 1597 dep:
661 1512 809 1590 ,Materia
849 1511 978 1577 diuinae
1018 1514 1197 1600 scripturae
1233 1523 1282 1578 est

102 1617 201 1682 uerbis
229 1614 298 1681 (06.0
387 1617 423 1684 2.
452 1615 524 1702 (fol.
556 1617 613 1702 80)
649 1615 864 1702 Evangelium
897 1615 1056 1682 lobannis
1094 1640 1168 1682 cum
1199 1640 1281 1684 com-

104 1721 257 1786 mentatio.

1198 1836 1258 1891 697

195 1937 287 1993 Βοάὶ.
312 1939 377 1993 ’174
400 1927 525 2015 (2557).
549 1931 605 2014 ela,
628 1952 652 1992 6.
670 1929 741 1992 XV.
780 1931 812 1996 1.
837 1929 986 2016 Epitome
1007 1929 1177 1996 Moralium
1194 1929 1280 1996 Gre-

106 2035 192 2120 gorii
207 2055 303 2119 super
317 2031 394 2097 Job.
441 2033 475 2101 2.
500 2031 757 2100 Commentarius
773 2031 870 2120 super
886 2033 1099 2118 Evangelium
1115 2033 1279 2101 Matthaei.

1196 2150 1256 2204 698

195 2249 288 2308 Bodl.
316 2250 380 2305 '188
403 2243 528 2328 (2610).
559 2243 608 2322 80,
636 2265 692 2320 nu,
716 2243 780 2306 136
799 2241 885 2328 foll,
913 2264 937 2306 6.
955 2241 1020 2306 XII
1039 2243 1082 2306 in.
1115 2243 1278 2327 (14166).

107 2347 269 2432 Gregorii
293 2345 336 2410 de
359 2369 438 2410 cura
460 2345 613 2432 pastorali
636 2345 710 2412 libri
733 2343 796 2410 duo
821 2347 889 2428 (77,
914 2347 981 2432 13).

1196 2462 1256 2515 699

193 2564 285 2620 Bodl.
315 2564 378 2619 ‘185
402 2554 527 2642 (2624).
562 2577 607 2640 pr.
632 2555 682 2633 8⁰,
704 2577 755 2636 nu,
779 2555 843 2618 273
856 2553 943 2640 foll,
973 2577 997 2618 s.
1022 2553 1109 2618 XIV.
1157 2555 1278 2623 Lllx-

105 2669 201 2746 cerpta
231 2659 392 2745 quaedam
422 2659 464 2723 de
493 2657 713 2744 Augustino
749 2681 847 2746 super
882 2657 1036 2724 Genesim
1064 2658 1106 2724 ad
1133 2657 1278 2726 litteram

106 2767 163 2844 (34,
183 2765 257 2850 245)
294 2773 326 2826 et
354 2763 395 2825 de
423 2764 555 2827 civitate
580 2762 643 2827 Dei
668 2761 773 2848 (41)*
862 2762 896 2830 2.
929 2761 999 2850 (fol.
1026 2765 1082 2842 13)
1111 2761 1278 2828 Catholica
1388 2811 1391 2818 -

106 2868 264 2932 confutatio
288 2867 508 2933 obiectionum
532 2866 735 2952 quarundam
757 2866 1047 2933 Vincentianorum
1070 2889 1129 2954 per
1145 2867 1177 2932 S.
1194 2868 1277 2934 Pro-

105 2993 254 3058 sperum3
297 2971 382 3059 bap:
413 2969 588 3054 ',Quidam
627 2970 820 3036 christianae
858 2993 897 3035 ac
935 2951 1096 3040 fraternae
1134 2973 1277 3038 caritatis

103 3076 179 3142 obliti
200 3074 266 3142 te!
299 3078 367 3160 (45,
396 3075 507 3160 1843).
595 3076 628 3144 3.
662 3075 739 3162 (fol.
766 3077 823 3155 17,·
853 3075 986 3152 andere,
1025 3085 1116 3140 etwas
1141 3079 1278 3165 jungere

104 3181 201 3262 Hand)
225 3179 437 3266 Gregorius
461 3179 599 3266 Magnus
623 3179 664 3245 de
688 3201 767 3244 cura
790 3178 943 3266 pastorali
968 3180 1143 3268 (77,13).*

1195 3295 1255 3350 700

191 3398 285 3455 Bodl.
303 3400 367 3454 ‘toa
391 3391 514 3474 (2640).
537 3391 587 3468 80,
610 3413 661 3470 m„
683 3391 727 3454 84
742 3387 831 3475 foll„
853 3413 877 3452 e.
896 3389 965 3454 XII
975 3391 1017 3454 in.
1042 3391 1074 3458 1.
1097 3390 1135 3454 In
1157 3387 1276 3455 Christi

102 3497 215 3559 nomine
238 3495 353 3581 incipit
378 3493 535 3581 praefatio
559 3493 580 3559 J
586 3492 707 3558 uliani
729 3493 910 3558 Toletani
934 3495 1077 3580 episcopi
1100 3496 1132 3559 in
1157 3494 1275 3559 librum

101 3604 145 3686 qui
165 3599 345 3686 appellatur
367 3599 572 3684 pronosticon
595 3598 626 3663 id
651 3609 700 3663 est
723 3601 883 3685 pracuisio
912 3600 1010 3664 futuri
1035 3598 1143 3663 seculi.
1178 3598 1276 3663 Sanc·

101 3707 210 3771 tissime
231 3727 272 3768 ac
294 3727 375 3790 prae
398 3705 514 3768 ceteris
537 3703 784 3770 familiarissimo
808 3701 864 3767 nc.
901 3704 1020 3768 Danu:
1049 3703 1157 3785 ,Diem
1184 3702 1275 3768 illum

100 3809 175 3874 clara
204 3809 389 3895 redemptor
418 3807 487 3873 ‹iec‘
520 3806 586 3892 (96,
609 3809 700 3894 495).
729 3807 792 3894 fol.
825 3809 867 3872 29
901 3807 1045 3894 Explicit
1072 3809 1275 3894 pronosticon

99 3913 171 3978 liber
195 3911 317 3978 Juliani
345 3912 492 3978 Toletani
524 3913 677 3999 episcopi.
753 3913 786 3980 2.
824 3911 902 3976 Titel
927 3911 993 3974 und
1022 3914 1063 3977 10
1091 3907 1193 3978 Zeilen
1222 3913 1275 3976 der

105 4017 198 4080 lenter
218 4041 274 4081 oon
303 4016 522 4102 Gregorius'
547 4018 577 4080 d.
604 4015 661 4081 Gr.
686 4016 811 4102 Regula
830 4016 1001 4102 pastoralis
1026 4018 1178 4103 (77,13)‚
1202 4015 1275 4080 aber

99 4121 196 4186 uieder
210 4122 392 4202 cusrodirt5
414 4145 465 4186 aru
481 4121 593 4185 Raude
609 4121 783 4204 (tbeilwee'se
797 4119 1036 4207 obpeeclaittea)
1060 4123 1124 4186 inc.
1140 4119 1213 4186 lib..
1227 4172 1251 4186 ..
1268 4121 1273 4207 Ι

99 4225 163 4290 ralis
184 4224 965 4312 ou...leditusab...lGregori...lurbis
988 4225 1271 4312 ro...liobanno

101 4336 162 4394 ...¹
185 4341 367 4396 uennat...
389 4331 403 4416 l.
430 4329 492 4416 fol.
517 4329 671 4394 2901666.
738 4329 773 4397 3.
799 4329 952 4415 (16130)
984 4330 1104 4416 Incipit
1131 4328 1214 4394 liber
1238 4328 1273 4394 ·I·

101 4433 175 4498 beati
198 4433 394 4500 Ambrosii
425 4434 466 4498 de
498 4435 691 4518 uirginitate.
728 4433 762 4499 Si
789 4433 883 4499 iuxta
909 4433 976 4499 eof
1006 4435 1186 4518 (16‚187).

101 4539 129 4603 l.
158 4537 230 4624 (fol.
253 4537 312 4619 46)
337 4537 483 4623 Explicit
505 4537 587 4604 liber
609 4537 668 4604 ΠΙ.
700 4536 820 4623 Incipit
843 4537 884 4602 de
907 4538 1013 4603 uiduis
1039 4536 1123 4602 liber
1150 4539 1272 4622 primus

103 4639 146 4724 (it.
168 4643 252 4726 234).
298 4643 333 4711 5.
358 4641 436 4728 (fol.
461 4643 537 4725 560)
567 4641 619 4705 De
642 4639 748 4706 uiduis
768 4639 903 4728 explicit
924 4641 1006 4707 liber
1029 4641 1074 4710 ·I·.
1098 4643 1217 4735 Incipit
1232 4642 1273 4714 de
