3224 5476
333 493 376 556 42
737 510 773 552 1v.
789 513 808 552 r.
823 509 940 554 restrui.
957 510 1024 564 ring·
1038 510 1131 564 corrego.
1412 495 1525 582 (3269)

334 682 476 771 Ketaion
509 684 589 748 ohne
618 681 793 773 Senator)
825 685 941 749 kanuto
971 686 1023 749 ioh
1055 686 1145 750 nicht
1175 685 1320 751 cinaedos
1353 686 1526 770 (malleicht

332 785 520 873 ylcichfolls
542 788 689 852 moderna
712 787 998 876 Haudrchrr'fteu).

1422 903 1502 962 3269

439 994 630 1060 Aoererdcrn
652 997 777 1060 enatato
800 997 853 1061 die
874 995 1062 1062 Bibliothek
1085 997 1155 1062 eine
1177 997 1389 1085 reichhaltiqe
1405 996 1523 1064 Samm-

335 1099 413 1187 hruq
442 1122 501 1164 ocu
532 1099 803 1188 Colleyicnteftcu
832 1099 998 1188 (Dictata,
1031 1099 1250 1185 Adversaria,
1281 1101 1403 1188 Notae)
1436 1104 1522 1169 maid

333 1205 417 1268 ruach
437 1204 682 1270 helidudischeu
702 1203 881 1290 Gelehrten,
904 1205 958 1269 die
973 1205 1041 1292 sita
1060 1205 1113 1269 dic
1132 1203 1319 1270 Gaschichte
1341 1205 1400 1270 der·
1420 1206 1522 1273 Philo-

334 1309 415 1395 loyia
445 1309 536 1373 nicht
562 1309 641 1373 ohne
665 1309 818 1374 lutererca
847 1307 930 1374 aad.
976 1309 1034 1373 Ich
1060 1310 1241 1374 oeracichae
1267 1311 1313 1373 aia
1340 1311 1427 1374 auch
1456 1312 1520 1377 dem

332 1413 483 1501 Kotaloy.

332 1516 570 1584 Arntzeuius
593 1517 651 1606 (H.
668 1517 734 1606 J.):
757 1520 889 1584 Dictata
912 1521 945 1584 iu
967 1520 1141 1586 Turseliini
1164 1520 1346 1606 Epitomen.

333 1622 406 1687 Bos
429 1621 669 1709 (Lambertnsh
692 1623 745 1688 De
768 1622 977 1709 scriptoribus
999 1624 1124 1707 latinis3
1149 1624 1189 1689 de
1204 1624 1408 1690 Necessitate
1423 1625 1518 1692 Disci-

540 1725 648 1814 pliuae
670 1727 827 1792 militarie.

436 1833 571 1898 Dictata
591 1835 625 1897 in
648 1830 868 1920 Antiquitates
890 1853 1035 1918 graecas.

436 1937 604 2023 Excerpta
625 1937 784 2023 quaedam
800 1959 843 2002 ex
859 1939 927 2002 eiue
943 1959 998 2002 ore
1013 1939 1046 2001 in
1062 1935 1284 2022 Antiquitates
1299 1937 1445 2004 Graecae
1463 1937 1514 2005 dc.

333 2041 503 2108 Bosscha
533 2041 694 2128 (Herm.):
727 2043 858 2108 Dictata
886 2044 919 2108 iu
949 2042 1140 2108 Suetonium
1169 2050 1202 2106 et
1231 2041 1274 2107 ad
1304 2039 1515 2129 Antiquitutes

540 2147 711 2212 Romanas.
755 2174 757 2180 ·

333 2251 574 2316 Burmannus
601 2249 745 2337 (Petrus)
772 2250 1081 2316 Animadversioues
1111 2253 1145 2315 in
1174 2250 1336 2337 Epistolas
1359 2249 1514 2318 Ciceronis

539 2355 582 2420 ad
598 2355 788 2420 Familiares
804 2377 876 2422 cum
892 2354 1038 2420 formulis
1054 2353 1207 2441 epistolae
1222 2354 1306 2420 bene
1322 2355 1512 2422 scribendae.

435 2461 569 2526 Dictata
590 2463 625 2526 in
648 2459 847 2526 Suetonium.

435 2564 569 2630 Dictata
591 2566 624 2629 in
646 2564 790 2631 Terentii
813 2565 972 2630 Andriam
996 2573 1029 2630 et
1050 2565 1254 2632 Eunuchum.

435 2670 569 2734 Dictata
597 2671 630 2734 in
660 2669 835 2736 Tursellini
861 2670 1067 2736 historiarum
1097 2669 1288 2756 Epitomen‚
1319 2691 1394 2736 cum
1417 2669 1511 2737 Conti-

540 2776 692 2839 uuaticne
714 2773 756 2840 ad
781 2773 874 2838 1650.

434 2878 568 2958 Dictata
590 2880 623 2944 in
644 2877 864 2965 Antiquitatee
886 2879 1059 2944 Romanae.

435 2983 567 3048 Dictata
588 3007 608 3048 a
632 2982 667 3049 Ο.
692 2983 791 3050 Saxio
813 2986 848 3048 iu
870 2985 939 3049 sins
956 2981 1194 3070 Antiquitatum
1213 2983 1433 3049 Romanarum
1452 2983 1511 3048 bre

538 3109 613 3154 vem
636 3087 894 3175 descriptionem.

333 3192 555 3260 Graevius
590 3192 698 3277 (Joan.
730 3191 827 3278 Geo.)
860 3193 965 3258 Notae
999 3201 1031 3256 et
1064 3191 1318 3258 Observationes
1352 3194 1384 3257 in
1417 3194 1510 3259 Taciti

539 3295 692 3363 Annales.

332 3402 551 3470 Gronovius
575 3401 674 3488 (Jac.)
698 3403 830 3468 Dictata
853 3405 885 3466 in
909 3402 1109 3468 Matthaeum
1133 3411 1165 3468 et
1187 3401 1322 3468 Lucam.

435 3507 613 3572 Commeat.
637 3510 670 3573 iu
694 3505 881 3574 Sallustium
904 3507 1064 3593 Crispum.

331 3612 621 3698 Havercampus
646 3611 880 3697 (Sigebertus):
910 3612 1044 3677 Dictata
1065 3612 1098 3676 in
1122 3611 1343 3698 Antiquitates
1367 3611 1509 3676 Graecas.

332 3715 632 3802 Oudendorpius
655 3715 777 3803 (Erus.)
799 3716 933 3781 Dictata
955 3717 989 3780 in
1011 3716 1231 3802 Antiquitates
1254 3716 1425 3782 Romanae.
1525 3761 1527 3768 ι

331 3821 558 3887 Perizonius
581 3821 746 3887 Annotata
767 3821 801 3886 in
824 3819 1051 3886 Tursellinum.

434 3929 597 3995 Refutatio
619 3928 772 3992 historiae
794 3927 835 3992 de
857 3927 986 3992 Joanna
1007 3927 1150 4012 Papissa.

332 4033 473 4100 Saxius
496 4029 659 4119 (Christ.):
687 4031 792 4096 Notae
815 4033 847 4094 in
871 4029 1045 4097 Tursellini
1073 4031 1292 4096 Romanarum
1315 4029 1507 4096 historiarum

538 4137 720 4225 Epitomeu.

331 4241 572 4310 Schraderus
595 4239 736 4328 (Joan.):
759 4239 988 4306 Fundamenta
1010 4239 1093 4326 Styli
1116 4237 1278 4305 Culticris.

433 4345 566 4410 Dictata
588 4346 621 4410 in
644 4344 843 4411 Suetonium.

331 4451 625 4536 Struchtmeyer
648 4449 692 4534 (J.
710 4447 777 4534 C.):
801 4449 932 4514 Dictata
953 4451 987 4512 in
1011 4448 1210 4514 Suetonium.

435 4553 670 4640 Compendinm
694 4553 845 4618 historiae
868 4555 1064 4618 recentioris.

332 4658 557 4724 Valeknaer
578 4657 679 4745 (Lud.
705 4657 757 4744 O.)
780 4659 1001 4744 Antiquitatcs
1025 4657 1180 4722 Graecae.
