3228 5478
639 504 765 558 aalma.
1254 488 1294 552 tt

85 676 215 745 dieunt
230 678 315 760 (20.3·
337 701 368 744 ee
390 681 433 744 ist
456 680 601 744 namuco
623 702 679 744 eor
701 680 787 764 (aad
801 679 922 765 aeoli)
937 681 1045 768 jedem
1068 681 1126 746 der
1140 681 1295 746 Disticha

85 780 152 845 ein
168 782 364 848 Heaameter
386 783 618 871 angariatae,
643 784 701 849 der
722 784 782 848 mit
804 785 875 849 dem
897 794 1000 849 ersten
1015 784 1208 850 Haeometar
1230 785 1295 849 daa-

83 885 206 951 aelben
220 887 324 953 reimt.
359 889 521 953 haector
541 889 649 954 diesen
664 889 866 954 Tetrasticha
886 890 939 953 eia
954 888 1072 954 lemass-
1087 888 1296 955 lateiniaelter

85 989 320 1071 Commeatum
347 991 427 1080 bap:
453 992 639 1080 ,Appetitas
666 992 798 1058 humani
825 995 953 1078 generis
976 991 1047 1058 (2οὲ
1091 992 1295 1080 Subscriptio

84 1117 151 1158 am
174 1093 341 1161 Sellasia:
369 1096 513 1184 Explicit
538 1095 621 1163 liber
643 1096 775 1163 Catonis
802 1119 877 1168 oum
902 1099 1119 1183 geminatione
1143 1119 1295 1164 uersuum

86 1209 126 1264 et
152 1222 229 1267 oum
252 1200 353 1267 Glosa
374 1203 564 1288 peroptima.
595 1199 692 1281 Quod
714 1223 797 1264 aaa
821 1201 930 1268 breue.

527 1427 689 1495 Lineoln
711 1425 867 1493 Α.2.16.

203 1574 261 1638 Iole
294 1575 474 1639 verzeielsue
504 1575 557 1639 die
586 1573 702 1661 Briefe
735 1575 819 1638 nael
853 1574 974 1638 metuet·
1007 1572 1186 1661 ailardiuys
1221 1575 1295 1637 selsr

21 1677 28 1694 '
87 1678 206 1766 haatip
228 1678 510 1766 aufpeuommeuaa
524 1677 764 1765 Besolireibuug
786 1677 844 1742 der
863 1677 1086 1765 Huodseltrift
1107 1677 1294 1762 (tleilweise

88 1783 184 1847 nach
207 1782 309 1847 sinam
331 1782 419 1846 alten
441 1782 544 1847 ludeo
565 1783 611 1846 im
633 1781 741 1848 Codeae
763 1781 881 1867 solbat).

119 1931 151 1994 1.
175 1931 285 2017 Papae
308 1930 452 1996 Damasi.
723 1930 774 1994 21.
799 1929 911 1996 Missio
926 1929 1101 2016 Augustini
1120 1927 1163 1996 ad
1182 1929 1295 1996 Hiero-

116 2033 149 2099 2.
175 2035 367 2121 Hieronymi
388 2055 588 2121 responsum.
799 2056 943 2122 nymum.

117 2138 150 2206 3.
175 2138 228 2206 Ad
251 2139 375 2225 Papam
398 2140 588 2205 Damasum.
723 2137 776 2204 22.
799 2137 882 2204 Item
893 2137 1070 2224 Augustini
1084 2138 1128 2205 ad
1143 2137 1293 2206 eundem.

115 2243 149 2308 4.
174 2241 229 2310 Ad
256 2242 395 2309 eundem
424 2242 465 2309 de
489 2245 669 2329 ignorantia
723 2243 775 2310 23.
799 2243 991 2329 Hieronymi
1013 2265 1214 2329 responsum.

174 2347 276 2413 Isaac.
725 2346 776 2412 24.
800 2345 882 2412 Item
910 2347 1086 2432 Augustini
1112 2347 1155 2412 ad
1181 2347 1294 2412 Hiero·

117 2452 149 2517 5.
173 2450 229 2518 Ad
259 2450 408 2517 eundem.
447 2450 597 2536 Origenis
629 2450 669 2518 de
799 2473 943 2539 nymum.

174 2555 308 2623 Cantioo
331 2555 425 2623 Cant.
447 2564 604 2623 tractatus
627 2556 669 2622 de
723 2557 775 2622 25.
798 2555 986 2623 Marcellino
1009 2565 1042 2622 et
1064 2555 1271 2642 Auapsiohie.

173 2681 291 2746 graeoo
329 2662 361 2725 in
398 2659 533 2726 latinum
568 2671 669 2727 trans·
723 2662 774 2727 26.
798 2661 974 2747 Augustini
996 2661 1039 2726 ad
1058 2661 1295 2747 Hieronymum

173 2763 258 2830 latus
280 2787 301 2831 a
323 2786 367 2829 se.
801 2765 842 2831 de
866 2767 989 2851 origine
1012 2767 1148 2831 animae.

118 2869 150 2934 6.
174 2867 301 2935 Omelia
318 2868 461 2934 secunda
483 2867 524 2934 de
545 2868 668 2934 eodem.
723 2870 775 2936 27.
798 2871 975 2956 Augustini
994 2869 1036 2935 ad
1057 2870 1294 2956 Hieronymum

119 2973 150 3038 7.
173 2971 230 3038 Ad
252 2971 487 3059 Tranquillum.
799 2974 840 3040 de
870 2996 908 3039 eo
939 2974 1027 3062 quod
1056 2975 1212 3059 seriptum
1246 2983 1295 3040 est

119 3077 150 3141 8.
174 3074 229 3142 Ad
259 3076 439 3142 Damasum
467 3075 507 3142 de
537 3099 668 3144 osanna.
799 3077 919 3165 ‚Siquis
942 3087 1042 3144 totam
1063 3077 1189 3163 legem‘.

118 3182 149 3246 9.
173 3180 229 3248 Ad
251 3179 391 3248 eundem
414 3181 455 3248 de
477 3181 542 3247 fide
562 3185 613 3249 oui
635 3185 669 3248 iu
723 3182 774 3248 28.
800 3182 852 3248 Ad
876 3181 1105 3268 Augustinum.

174 3286 357 3353 Antiochia.
723 3285 775 3351 29.
799 3286 854 3353 Ad
877 3286 1026 3352 eundem.

99 3391 150 3457 10.
174 3391 230 3457 Ad
252 3390 402 3457 eundem.
724 3391 775 3457 30.
799 3391 854 3457 Ad
877 3390 1026 3456 eundem.

100 3497 150 3560 11.
175 3495 229 3562 Ad
259 3495 399 3562 eundem
429 3495 470 3562 de
507 3495 670 3583 seraphim
724 3497 776 3562 31.
799 3495 854 3561 Ad
888 3495 1045 3582 Alypium
1075 3504 1109 3561 et
1140 3494 1293 3582 Augusti-

175 3609 208 3667 et
229 3599 270 3666 de
293 3599 424 3666 calculo.
801 3622 890 3667 unm.

99 3704 150 3770 12.
174 3703 230 3771 Ad
252 3703 402 3770 eundem.
724 3705 775 3771 32.
799 3705 996 3792 Explauatio
1019 3705 1096 3772 fidei
1118 3705 1161 3771 ad
1176 3705 1295 3772 Dama·

101 3809 149 3874 13.
174 3808 228 3875 Ad
263 3809 403 3875 eundem
433 3809 474 3874 de
505 3809 569 3875 filio
599 3831 669 3896 pro
800 3833 881 3877 sum.

175 3912 259 3998 digo.
725 3914 776 3980 33.
799 3915 986 4001 Disputatio
1009 3918 1117 3980 neseio
1140 3916 1232 3980 ouius
1254 3913 1295 3978 de

101 4019 150 4083 14.
174 4018 351 4104 Augustini
373 4017 421 4084 ad¹
438 4020 527 4085 Hier.
800 4021 923 4086 ratione
946 4021 1082 4086 animae.

102 4123 153 4190 15.
177 4124 368 4211 Hieronymi
390 4145 589 4210 responsum.
724 4124 775 4189 34.
799 4124 992 4190 Exhortatio
1018 4123 1059 4188 ad
1083 4123 1295 4190 Heliodorum

100 4229 151 4294 16.
174 4227 229 4295 Ad
251 4225 480 4313 Augustinum.
799 4231 996 4316 episcopum.

102 4333 150 4397 11.
174 4330 351 4418 Augustini
372 4332 416 4398 ad
437 4331 629 4400 Presidium.
724 4331 775 4399 35.
798 4333 855 4400 Ad
891 4331 1109 4420 Nepotianum
1147 4333 1188 4399 (le
1225 4333 1294 4398 vita

102 4435 151 4502 18.
174 4435 331 4503 Eiusdem
358 4434 400 4501 ad
422 4437 669 4524 Hieronymum.
799 4437 999 4504 elericorum.

101 4541 150 4605 19.
175 4540 331 4606 Eiusdem
352 4541 395 4606 ad
418 4541 567 4607 eundem.
724 4543 775 4608 36.
799 4541 853 4609 Ad
887 4540 1059 4607 Paulinum
1093 4539 1134 4606 de
1169 4541 1290 4605 maura

100 4645 151 4710 20.
175 4645 367 4732 Hieronymi
389 4667 589 4733 responsum.
800 4648 885 4712 tione
908 4643 1147 4710 monachorum
