3192 5474
294 444 337 508 80
671 461 710 502 ιιι.
726 465 743 504 a.
757 444 889 515 ᾱιιιιιςο.
904 462 1025 514 uertenti,
1040 462 1126 510 nimy.

294 638 335 703 de
363 637 450 704 Arra
477 639 592 704 anime.
646 639 778 723 Loquar
808 647 931 702 secreto
958 636 1042 718 olef,
1072 636 1205 700 macter
1232 635 1300 722 aas
1319 634 1384 721 fol.
1405 635 1503 698 102⁰

294 741 454 805 achlieaot:
484 741 609 824 ,uiolari
636 745 687 807 oui
715 743 757 806 sit
783 743 884 808 honor
910 753 943 807 et
971 741 1073 825 gloria
1100 743 1133 807 iu
1160 740 1339 807 seculorum
1368 739 1500 805 serula.

296 867 400 912 amen.
459 845 601 931 Explicit
636 857 791 911 tractatus
827 847 975 930 Hugouie
1017 845 1057 910 de
1096 845 1128 912 S.
1158 845 1289 910 Victore
1325 843 1368 907 de
1402 845 1501 908 Arra

294 950 442 1014 animae‘.
501 948 646 1034 Dareus
668 948 771 1036 folqt:
806 951 933 1036 ,Incipit
970 949 1106 1036 epistola
1140 950 1232 1014 Beati
1267 947 1410 1033 Cipriaui
1446 946 1500 1010 de

295 1054 400 1118 forma
429 1053 562 1119 uiuendi
590 1053 631 1116 ad
659 1055 891 1140 Nepotianum.
937 1054 1024 1119 Petis
1056 1077 1075 1118 a
1107 1075 1157 1118 me
1185 1053 1369 1138 Nepotiane
1400 1050 1500 1117 kfiffit

295 1161 390 1223 utin
417 1157 508 1223 breui
536 1157 605 1223 ὥς]
638 1157 879 1244 (Hieronymi
907 1158 998 1244 epist.
1022 1159 1082 1236 52;
1109 1159 1160 1238 22,
1181 1157 1273 1242 527).
1326 1156 1416 1219 Dock
1443 1156 1499 1218 iet

296 1262 365 1325 dieo
385 1284 451 1325 nur
470 1263 522 1325 ein
541 1262 663 1326 kleioes
682 1263 840 1348 anerpt;
861 1261 944 1326 dorm
964 1262 1078 1348 weoiqo
1100 1260 1209 1326 Zailoo
1228 1261 1372 1325 nuchhar
1383 1260 1499 1346 folqt:

296 1367 397 1449 ,Dicit
423 1366 645 1431 Bernardus
674 1369 801 1452 sapiens
829 1378 878 1431 est
908 1369 963 1453 qui
990 1389 1042 1430 res
1073 1375 1168 1451 prout
1195 1357 1269 1429 sunt
1296 1363 1368 1430 rito}
1415 1364 1499 1427 Das

297 1469 397 1534 Seeck
420 1470 564 1534 achlioaat
586 1471 645 1534 mit
667 1471 876 1554 ‚concordare
898 1470 996 1536 debet
1017 1471 1105 1535 uude
1128 1470 1206 1534 dicit
1229 1469 1334 1534 Beda
1356 1490 1497 1534 manum

299 1578 345 1639 ori
372 1574 534 1660 applicare
560 1585 609 1641 eet
635 1577 775 1640 sermoni
798 1597 878 1660 opus
901 1575 1098 1640 concordare
1124 1596 1182 1660 pro
1206 1597 1269 1660 quo
1292 1573 1401 1638 hostes
1423 1573 1496 1637 Do-

298 1681 376 1744 mini
403 1679 455 1744 uel
482 1680 618 1745 filiorum
646 1679 747 1745 Israel
773 1680 898 1765 gedeon
927 1681 1136 1744 constitueret
1159 1678 1245 1744 unde
1270 1679 1349 1743 dicit
1371 1678 1495 1762 compi·

297 1782 379 1848 lator
406 1784 610 1848 historiarum
638 1783 752 1849 florum
777 1786 931 1848 autoritas
959 1782 1067 1868 lingue
1092 1781 1218 1868 perdita
1240 1804 1313 1846 oum
1336 1804 1401 1846 uox
1424 1803 1495 1867 ape

298 1911 360 1952 non
385 1887 550 1953 mihitur
577 1911 685 1953 amare
714 1887 849 1953 filiorum
879 1901 927 1954 est
953 1891 1066 1952 timere
1094 1898 1200 1952 autem
1228 1908 1394 1950 seruorum
1418 1887 1493 1950 est‘.

662 4619 836 4685 Auagegebeu
854 4633 896 4668 am
918 4617 958 4667 la.
974 4617 1032 4668 Juli
1052 4619 1127 4667 1897.
1236 4603 1240 4610 ’
