3198 5476
818 468 835 508 1.
852 467 976 510 norisius.
991 469 1025 510 ar.
1320 445 1531 528 (tas-599)

423 657 426 664 '
1439 648 1508 704 598

435 755 531 812 Bodl.
554 757 617 810 449
650 745 775 832 (2396).
821 745 863 808 kl.
880 744 960 830 fol„
990 767 1041 822 aa,
1068 746 1111 808 46
1126 744 1214 836 foll,
1241 748 1262 808 2
1286 744 1361 822 Col..
1384 767 1410 808 a.
1433 740 1534 806 XIII.

332 852 502 917 Sermones
523 852 604 914 varii
625 852 657 914 in
674 851 763 915 festis
779 849 949 915 dominicis
965 848 1041 932 du„-
1062 848 1141 934 bap:
1156 849 1328 930 ,Quoniam
1342 850 1533 914 aduentum

332 955 452 1022 Christi
476 964 648 1041 utrumque
670 952 740 1019 (26.1
895 951 898 960 ’

1439 1067 1507 1122 599

436 1169 610 1226 Bod1.451
636 1161 759 1248 (2401).
793 1184 840 1244 pr.
856 1165 905 1240 8⁰,
928 1184 979 1238 na,
1004 1163 1066 1224 120
1074 1159 1163 1246 foll,
1187 1184 1210 1226 a.
1228 1161 1341 1224 XIIirr
1359 1161 1532 1248 (vielloiclrt

331 1287 354 1329 a.
373 1267 497 1347 Xler).
555 1265 587 1332 1.
613 1264 686 1349 (fol.
706 1267 757 1342 11)
782 1264 986 1350 Smaragdi
1010 1264 1160 1329 diadema
1183 1264 1426 1332 Monacborum.
1451 1267 1533 1332 Rex

333 1370 496 1434 Aluredus
513 1377 544 1432 et
559 1367 675 1433 beatus
699 1367 730 1432 N
733 1379 826 1433 ectus
849 1369 966 1433 fratres
988 1368 1118 1433 fuerunt
1137 1366 1194 1434 (26.
1217 1370 1235 1452 (
1234 1372 1307 1448 102,
1322 1371 1413 1454 593).
1446 1368 1530 1457 (fol.

334 1475 405 1558 711)
423 1473 567 1558 Explicit
582 1471 664 1536 liber
676 1471 827 1536 diadema
841 1471 1082 1538 monachorum.
1128 1473 1162 1540 2.
1180 1472 1256 1559 (fol.
1272 1475 1327 1560 72)
1346 1475 1397 1539 De
1415 1496 1533 1560 super-

332 1579 387 1642 bia
411 1588 443 1642 et
465 1578 678 1643 fornicatione
701 1575 757 1643 (Ic.
781 1575 1009 1662 Principaliter
1032 1577 1081 1641 his
1105 1576 1230 1642 duobus
1252 1577 1308 1643 dte.
1336 1580 1380 1642 36
1403 1577 1533 1666 Capitol

332 1681 591 1746 morolisireodcn
613 1680 743 1759 Iabalts,
773 1681 831 1764 dcc
853 1682 905 1745 31.
928 1683 983 1744 bat
1009 1680 1059 1744 dia
1082 1679 1287 1766 Ucbcraobrifl
1311 1681 1351 1746 de
1373 1681 1534 1748 Johanne

334 1788 481 1872 Baptista
515 1786 595 1852 duas
629 1785 782 1850 lectiones
814 1795 846 1848 et
876 1808 940 1850 una
970 1783 1011 1849 de
1046 1783 1149 1849 beatis
1182 1786 1335 1870 apostolis
1365 1788 1464 1852 Petro
1499 1795 1535 1848 et

332 1877 442 1956 Paulo.
531 1891 565 1958 3.
591 1889 609 1974 (
606 1889 670 1975 fol.
683 1891 758 1972 941)
785 1888 931 1974 Capitclu
953 1911 989 1951 au
1012 1889 1069 1951 deu
1092 1888 1339 1974 nccbfolpondcn
1362 1889 1533 1956 Sermones

334 1994 513 2078 Aupcotina'.
571 1992 641 2080 (fol
674 1993 731 2078 95)
768 1993 818 2058 De
847 1992 956 2056 natale
988 1991 1110 2056 domini
1140 2013 1245 2057 sermo
1279 1993 1533 2078 Augustini.

334 2097 502 2164 Ofratres
532 2097 585 2162 dil.
614 2099 646 2162 in
675 2097 736 2161 bac
764 2095 817 2160 die
839 2095 896 2160 dcc.
921 2095 978 2178 (1).
1067 2097 1102 2162 4.
1129 2095 1204 2182 (fol.
1221 2097 1299 2180 901)
1323 2097 1375 2162 De
1396 2096 1450 2162 bis
1473 2099 1534 2182 qni

335 2204 471 2286 auguria
502 2211 535 2266 et
566 2202 780 2266 diuinationes
811 2211 843 2264 ct
872 2200 1043 2284 sacrilegia
1071 2198 1262 2266 adtendunt.
1307 2201 1397 2266 Bane
1424 2203 1535 2266 nostis

335 2306 453 2371 fratres
470 2305 540 2369 kar.
558 2326 609 2369 me
624 2303 718 2369 uobis
733 2302 788 2368 uc.
806 2303 855 2386 (S.
873 2304 956 2389 App.
973 2305 1053 2382 278,·
1067 2305 1120 2381 39,
1139 2304 1253 2386 2209).
1320 2306 1353 2373 ὅ.
1378 2305 1456 2392 (fol.
1468 2307 1532 2392 98)

334 2410 535 2475 Ammonitio
555 2417 591 2472 ut
607 2407 784 2493 coniugalis
807 2409 939 2472 castitas
963 2417 1181 2474 conseruetur.
1205 2407 1346 2488 Quando
1369 2411 1534 2474 auduus

333 2513 389 2578 (26.
423 2513 472 2596 (S.
496 2513 578 2600 App.
603 2514 685 2594 289;
713 2513 766 2588 39,
791 2513 873 2575 2291
883 2511 922 2596 i).
1011 2511 1045 2578 0.
1078 2510 1157 2597 (fol.
1181 2512 1256 2598 991)
1290 2512 1341 2577 De
1371 2534 1409 2577 eo
1441 2513 1533 2600 quod

335 2619 490 2704 scriptum
506 2615 617 2681 estVe
640 2613 875 2700 pregnantibus
891 2625 924 2678 et
938 2614 1154 2706 nutrientibus
1175 2615 1264 2681 Scire
1285 2625 1318 2680 et
1338 2617 1533 2701 intellegere

333 2720 389 2785 (tc.
419 2719 467 2802 (S.
492 2719 568 2804 App.
594 2720 652 2798 75;
679 2721 732 2796 39,
757 2721 861 2800 1889,·
884 2719 936 2795 29,
958 2717 999 2782 ib.
1025 2719 1135 2799 1801).
1213 2717 1245 2786 7.
1271 2720 1351 2805 (fol.
1374 2723 1453 2804 101)
1478 2721 1532 2784 De

334 2823 502 2889 ebrietate.
526 2823 621 2886 Licet
643 2823 781 2908 propitio
804 2821 933 2887 Christo
956 2822 1071 2885 fratres
1095 2821 1164 2886 kar.
1190 2820 1246 2887 dtr.
1276 2822 1325 2906 (S.
1344 2823 1426 2910 App.
1448 2825 1532 2903 294,·

333 2931 386 3006 39,
410 2928 520 3009 2303).
596 2927 630 2994 8.
655 2925 733 3013 (fol.
753 2925 847 3009 1021)
872 2925 1059 2990 Admonitio
1082 2933 1195 2991 contra
1218 2925 1383 2993 ebrietatis
1406 2929 1532 2994 malum

335 3033 537 3116 Frequenter
559 3030 727 3094 caritatem
750 3039 893 3094 uestram
915 3027 972 3094 (bc.
999 3029 1017 3112 (
1015 3027 1047 3092 S.
1064 3027 1145 3114 App.
1165 3031 1249 3112 295,·
1271 3033 1323 3108 39,
1347 3033 1472 3118 2307.)

335 3136 369 3202 9.
394 3132 470 3221 (fol.
497 3135 573 3218 104)
597 3133 719 3218 Incipit
742 3134 782 3198 de
806 3135 954 3198 castitate
985 3136 1083 3198 etiam
1114 3154 1188 3197 cum
1218 3134 1376 3200 uxoribus
1401 3158 1532 3201 consar-

334 3237 451 3301 uanda.
491 3237 647 3321 Magnum
680 3238 758 3302 mihi
792 3237 947 3322 gaudium
982 3236 1038 3302 aa.
1075 3235 1124 3319 (S.
1151 3239 1229 3320 100,·
1258 3238 1330 3302 Mai
1351 3239 1422 3305 bibl.
1447 3263 1532 3304 nova

295 3377 299 3392 ·
337 3341 445 3419 ΡΡ.Ι,
468 3341 557 3420 221).
644 3341 698 3410 10.
724 3339 801 3426 (fol.
820 3343 897 3424 106)
922 3343 973 3406 De
996 3339 1204 3426 martyribus.
1240 3341 1532 3429 Quotienscunque

334 3445 373 3509 fr.
397 3445 468 3510 kar.
492 3454 677 3510 sanctorum
700 3446 889 3528 martyrium
913 3443 968 3509 (bc.
994 3445 1011 3530 (
1011 3444 1043 3509 S.
1066 3443 1147 3530 App.
1165 3447 1229 3508 225
1236 3469 1248 3524 ,·
1269 3449 1321 3522 39,
1348 3448 1463 3534 2160).

336 3549 389 3616 11.
415 3548 491 3636 (fol.
510 3549 604 3634 1071)
628 3548 680 3612 De
699 3549 837 3613 lectione
857 3549 1018 3632 euangelii
1033 3571 1116 3635 quae
1132 3550 1212 3614 dicit
1229 3549 1346 3614 Venite
1362 3550 1530 3615 benedicti

336 3654 436 3738 patris
465 3654 528 3718 mci
559 3654 726 3738 percipite.
765 3652 862 3716 Modo
894 3671 967 3716 cum
998 3653 1187 3737 evangelica
1216 3652 1272 3718 oc.
1303 3653 1352 3734 (S.
1365 3653 1447 3741 App.
1467 3657 1510 3718 77
1520 3681 1536 3736 ;-

334 3759 388 3834 39,
419 3758 529 3842 1895).
618 3757 673 3824 12.
707 3757 784 3843 (fol.
810 3757 923 3842 1091)-
944 3755 996 3820 De
1030 3756 1207 3822 reddendis
1241 3757 1376 3822 decimis
1410 3757 1530 3822 omelia

337 3860 368 3926 S.
388 3860 571 3944 Augustini.
596 3861 738 3946 Propitio
763 3859 890 3926 Christo
914 3861 953 3951 fr.
977 3859 1048 3926 kar.
1071 3863 1136 3924 iam
1158 3883 1260 3946 prope
1283 3871 1358 3926 sunt
1380 3861 1450 3926 dies
1469 3861 1530 3926 oc.

338 3963 385 4048 (S.
406 3963 488 4049 App.
518 3966 599 4046 277,·
628 3967 682 4043 39,
708 3959 823 4050 2206).
912 3965 966 4032 13.
992 3963 1069 4049 (fol.
1095 3967 1191 4046 1101)
1221 3966 1342 4052 Incipit
1364 3988 1469 4032 sermo
1494 3969 1529 4030 in

336 4067 497 4152 parochiis
520 4070 596 4131 satis
619 4069 830 4132 necessarius.
860 4069 950 4152 Rogo
973 4089 1030 4131 vos
1052 4065 1090 4132 fr.
1113 4069 1183 4132 kar.
1208 4077 1243 4131 ut
1265 4068 1426 4134 adtentius
1443 4073 1529 4154 cogi-

335 4182 440 4236 temus
452 4169 508 4235 (tc.
533 4170 582 4254 (S.
600 4171 681 4256 App.
698 4173 782 4251 265,·
803 4173 855 4256 39,
873 4172 984 4251 2237).
1045 4172 1099 4237 14.
1125 4170 1200 4256 (fol.
1218 4173 1314 4257 1121)
1340 4173 1392 4236 De
1413 4174 1528 4258 templi

337 4278 405 4339 siue
427 4274 538 4338 altaris
562 4278 813 4340 consecratione.
850 4277 1136 4360 Quotienscunque
1163 4275 1201 4338 fr.
1231 4276 1301 4340 kar.
1325 4275 1435 4340 altaris
1459 4280 1530 4342 sine

336 4379 447 4466 templi
463 4379 519 4444 cbo.
539 4379 587 4464 (S.
598 4380 680 4466 App.
698 4383 761 4445 229
769 4406 780 4462 ,·
801 4383 856 4459 39,
869 4382 980 4463 2166).
1026 4381 1077 4448 lb.
1104 4379 1180 4467 (fol.
1198 4381 1293 4460 1141)
1317 4381 1370 4444 De
1393 4380 1528 4465 indigna

337 4483 554 4550 familiaritate
565 4483 744 4550 mulierum.
760 4484 866 4550 Nemo
878 4485 965 4550 dicat
976 4483 1015 4548 fr.
1028 4483 1100 4548 kar.
1109 4483 1201 4569 [quod
1210 4484 1244 4548 in
1259 4483 1461 4569 temporibus
1470 4484 1526 4550 dcc.

339 4588 387 4672 (S.
412 4588 493 4673 App.
518 4589 600 4670 293;
628 4589 681 4665 39,
705 4590 816 4670 2301).
913 4587 969 4655 lb.
1002 4587 1080 4674 (fol.
1106 4590 1184 4670 116)
1214 4587 1334 4673 Incipit
1364 4609 1470 4662 sermo
1493 4589 1526 4652 S.
